3284 5136
525 320 530 330 ’
621 330 814 397 -14—

133 516 329 598 Aethiopum
352 518 392 582 ‹ie
407 512 554 598 victimis,
568 535 651 598 quas
675 535 776 599 usque
798 519 955 599 praebere
983 528 1122 585 monstro
1159 516 1387 605 adigerentur,
1477 488 1502 611 Ξ

64 629 272 705 querentium
295 639 365 689 esse
388 626 510 689 conicio
534 623 632 690 iliud:
1497 616 1501 651 ³

405 759 526 841 nosque
551 770 587 824 ut
610 778 752 825 seorsum
776 761 903 826 diridos
925 762 990 826 leto
1012 759 1140 827 biieras.

133 892 242 960 Verba
264 893 384 975 Cephei
407 895 452 959 ad
478 893 650 982 Aethiopas
684 893 782 961 inisse
815 899 970 971 existimo,
994 902 1208 978 promittentis
1230 913 1266 962 se
1288 894 1390 961 filiam
1463 907 1466 912 ·
1497 832 1500 915 3

65 1000 190 1073 beluae,
214 1000 267 1065 cni
291 1001 452 1065 tributum
478 1003 616 1082 pendere
637 1009 748 1067 essent
771 1004 887 1078 coacti,
913 1004 956 1067 ad
980 1001 1137 1068 finiendas
1151 1000 1300 1067 miserias
1322 1017 1390 1067 esse
1496 1062 1498 1067 ,

63 1107 263 1175 oblaturum:
1486 1120 1493 1129 .

276 1260 348 1306 nam
374 1250 543 1325 postquem
567 1261 628 1326 per
651 1261 708 1308 nos
726 1261 777 1309 ros
794 1244 953 1325 oppressit
974 1238 1149 1309 famulitas.

134 1384 196 1450 vbi
220 1386 294 1451 cdd.
324 1391 510 1469 ,postquam
547 1405 663 1470 perros
700 1389 788 1454 ros‘.
827 1391 933 1470 Atque
957 1396 988 1453 in
1011 1388 1179 1454 bisetium
1204 1393 1310 1468 potuit
1332 1385 1391 1451 ba·
1444 1452 1447 1467 ,
1493 1428 1496 1479 :

64 1490 141 1557 bere
162 1491 265 1558 locum
290 1509 411 1560 rer-sus:
1494 1491 1496 1495 ⁸

277 1650 349 1699 cum
373 1639 537 1701 pinxerint
560 1636 744 1702 caelestium
773 1636 947 1702 molimina.
1010 1635 1012 1641 ’

131 1776 184 1843 Sic
208 1785 293 1843 enim
317 1779 397 1844 haec
436 1782 585 1845 videntur
620 1783 800 1863 scribenda.
839 1778 922 1847 Odd.
962 1780 1064 1845 Prisc
1103 1798 1159 1864 pg.
1184 1782 1248 1845 eei
1271 1778 1390 1843 habent
1486 1772 1494 1873 Ξ

67 1886 200 1968 „molem
227 1884 336 1965 mibi·;
366 1887 563 1968 „molimine¹
605 1888 735 1970 scripsit
774 1885 916 1956 Grotius.
956 1885 1164 1966 ,Ninnerinv
1193 1885 1276 1951 idem
1300 1884 1388 1975 quod
1490 1880 1493 1923 -’

45 1988 303 2075 '‚ingrnerint⁸;
333 1995 439 2076 „cum⁸
464 1997 605 2060 causele.
957 2069 962 2078 Ξ
1485 2014 1491 2071 ;;

129 2097 178 2164 De
200 2100 269 2166 loco
292 2099 347 2166 ubi
371 2099 486 2184 erponi
510 2104 658 2169 solebant
685 2119 821 2185 corpora
844 2103 932 2167 dicta
955 2099 1036 2167 haec
1056 2097 1151 2183 (Non.
1177 2099 1251 2182 eii,
1277 2097 1342 2184 io):

276 2238 398 2307 inmani
422 2243 497 2308 tabe
520 2245 676 2325 templum
695 2245 892 2310 obvallatum
908 2243 1044 2320 ossibus3

66 2381 120 2446 ubi
141 2382 202 2447 alii
224 2385 340 2468 legunt
363 2387 458 2451 baud
477 2389 562 2453 maie
585 2387 675 2468 (nam
700 2392 733 2452 in
756 2387 920 2453 codicibus
942 2394 993 2451 est
1014 2384 1085 2452 iere
1103 2340 1316 2468 ,inmanitate
1331 2378 1389 2444 he·
1461 2341 1488 2479 Ξ

65 2486 119 2553 bet
140 2489 345 2571 templum“):
1484 2490 1487 2497 Ι

274 2620 403 2687 inmane
427 2628 459 2688 te
483 2622 584 2690 babet
605 2626 760 2707 templum
785 2624 985 2690 obvallatum
1008 2624 1145 2689 ossibus.
1174 2614 1178 2622 ’

128 2750 217 2842 llaec
239 2752 266 2819 ri
291 2755 395 2839 magis
418 2755 583 2839 placuerit
605 2757 717 2838 lectio,
742 2757 980 2824 Andromedam
1002 2754 1194 2837 compellari
1231 2760 1383 2837 apparet.

65 2856 118 2922 io
142 2860 278 2923 eandem
302 2867 444 2940 pertinet
465 2867 649 2926 octonarius
670 2862 842 2927 iambicus:
940 2932 942 2936 Ξ
991 2865 994 2871 ’
1033 2906 1036 2912 .
1481 2840 1486 2913 i

169 2997 288 3067 misera
308 3004 476 3086 (,nnisere⁸
504 3001 652 3084 Bethius)
674 3002 840 3068 obvallata
861 3020 948 3084 saxo,
971 3002 1073 3083 sanie,
1098 3003 1217 3085 pedore
1238 3002 1383 3086 alguque
1479 2965 1485 3101 i

1127 3114 1161 3172 et
1183 3104 1279 3172 lame.
1395 3152 1397 3159 ι
1481 3132 1483 3141 2

129 3244 261 3311 Iacebat
296 3246 384 3312 circa
423 3265 493 3314 eam
530 3221 679 3314 cumulus
716 3248 928 3330 reliquiarum
964 3265 1133 3330 corporum
1171 3250 1340 3313 edeeorum
1364 3266 1402 3329 a

65 3349 170 3416 belua:
1478 3344 1483 3357 '

171 3472 226 3556 qui
248 3490 351 3557 neque
375 3484 515 3542 terraest
536 3478 826 3558 datu'neccineris
853 3495 952 3546 cause
976 3495 1129 3559 umquam
1151 3482 1254 3542 erasit
1274 3469 1382 3558 capos.
1430 3497 1431 3501 ¹
1476 3449 1482 3533 i

131 3616 324 3699 Immomtnr
347 3618 399 3682 rel
421 3614 538 3713 Phinei
572 3619 623 3684 rei
659 3618 769 3686 Persei
792 3623 951 3686 auxilium
981 3623 1088 3689 verbis
1115 3619 1201 3686 hisce
1223 3617 1401 3699 (Macrob.·
1475 3610 1481 3649 ¹

64 3729 240 3805 grammat.
263 3722 323 3788 iat.
347 3720 388 3799 V,
416 3725 508 3807 coti:
702 3738 706 3743 ·
1380 3726 1381 3731 ’

277 3864 340 3929 nisi
363 3866 469 3947 siquid
494 3876 552 3932 tua
573 3867 714 3933 incultas
737 3870 827 3934 nobis
855 3870 943 3934 iulet
965 3887 1067 3951 opem.
1112 3846 1115 3855 ¹
1178 3933 1181 3939 .

134 3999 198 4069 vbi
221 4005 293 4072 cdd.
320 4003 401 4089 ‚nisi
423 4009 540 4088 quod·‚
573 4016 651 4074 item
690 3974 870 4091 ‚omnent
902 4009 945 4074 Et
967 4010 1106 4075 Botbius
1137 4010 1237 4076 talem
1258 4007 1385 4076 effinxit
1473 3974 1478 4071 i

64 4116 256 4177 trimetrum:
1364 4123 1366 4127 ’
1474 4114 1477 4119 ’

278 4241 337 4300 nisi
360 4238 440 4316 quid
462 4233 600 4302 facultas
622 4245 679 4302 tua
701 4239 787 4303 tulat
808 4238 896 4302 nobis
918 4254 1018 4320 opem.

134 4372 281 4443 Fortasse
303 4376 458 4444 trochaici
479 4384 604 4444 numeri
637 4378 798 4445 servandi:

278 4512 338 4575 nisi
361 4515 440 4590 quid
462 4521 520 4576 tun
542 4510 680 4579 incultas
702 4516 795 4579 nobis
811 4516 898 4581 odiat
919 4533 1061 4597 opem...
1142 4608 1146 4616 Ξ
