3284 5136
751 275 962 343 ..43-

306 471 447 539 Oeneum
465 470 594 556 ,aliquis
616 483 701 541 eetie
724 472 758 541 in
780 473 1061 557 conspectumaut
1081 495 1139 544 uos
1162 460 1225 544 ,ubi
1247 474 1336 544 ubist
1358 475 1470 546 ducite

1135 643 1139 653 .
1211 585 1254 649 ad
1277 587 1359 652 euml

264 705 365 772 Porro
389 709 591 789 Melanippus
614 714 647 772 in
671 703 829 774 Periboea
851 704 938 773 inter
961 704 1046 773 illios
1070 705 1170 792 Agrii
1194 718 1393 775 memoratur
1414 717 1453 774 ut
1472 712 1520 777 ad

79 786 85 883 J
196 810 438 896 opprimendum
461 812 645 883 Diomedem
680 818 732 882 rel
769 811 904 883 maxime
931 821 1131 883 necessarius
1154 813 1208 899 (ol.
1232 811 1353 899 disput.
1376 816 1417 882 de
1440 815 1519 884 Pae.
1607 824 1610 828 ’

78 924 85 1011 ᾗ
194 937 249 1005 pg.
274 924 342 1002 42).
367 922 543 987 Praeterea
566 924 652 986 alter
674 918 737 985 luit
759 919 974 1001 Melanippus.
999 918 1099 987 Oenei
1123 918 1222 1003 iilius,
1249 939 1344 1003 quem
1365 941 1387 989 a
1408 923 1520 1006 Tpdeo

76 1026 81 1113 3
194 1023 307 1106 fratre,
330 1029 386 1093 sed
409 1023 523 1111 invito,
546 1022 752 1093 interiectum
775 1021 809 1091 in
833 1027 977 1092 venando
1001 1021 1107 1092 tradit
1126 1021 1276 1110 Hyginus
1298 1024 1362 1095 fab.
1389 1031 1443 1094 69.

76 1192 79 1197 .
260 1131 325 1199 Sed
347 1151 505 1217 quaenam
528 1143 587 1199 aut
610 1130 702 1198 cuius
737 1127 918 1213 Melanippi
955 1135 1041 1212 apud
1075 1129 1209 1198 Aedium
1235 1133 1359 1200 inerint
1392 1145 1536 1218 pomaeo

74 1222 78 1309 f
193 1237 448 1307 testimoniorum
471 1236 609 1330 penuria
635 1240 816 1306 obscurum

72 1402 75 1415 .
259 1343 382 1428 Quodsi
404 1342 611 1410 coniectando
635 1340 770 1408 dabitur
794 1346 891 1423 locus,
914 1344 1056 1408 iabnlam
1079 1347 1121 1409 de
1143 1346 1251 1412 Oeneo
1265 1341 1400 1426 eiusque
1423 1347 1517 1411 donno

72 1500 77 1539 ,¹
192 1470 213 1518 a
235 1459 414 1518 recentiore
428 1454 574 1535 ,quodam
598 1446 726 1534 tragico
749 1456 796 1514 iia
814 1442 974 1515 inversam
1012 1455 1198 1534 existimem,
1222 1457 1259 1515 ut
1279 1455 1517 1532 proponeretur

122 1565 125 1571 ’
190 1555 288 1640 (quae
311 1551 482 1623 Ribbeokii
505 1563 555 1623 est
576 1551 696 1638 opinio)
720 1550 928 1635 Melanippus
950 1553 1038 1619 lilius
1060 1552 1151 1619 illius
1172 1573 1193 1619 a
1214 1557 1322 1638 Tydeo
1344 1553 1448 1619 tratre
1463 1551 1514 1618 in-

190 1661 346 1732 teriectus
369 1683 429 1729 non
454 1681 543 1742 casu,
566 1664 624 1728 sed
647 1656 789 1726 oonsilio.
836 1660 880 1726 Et
901 1656 1006 1742 patris
1043 1656 1173 1741 quidem
1196 1661 1247 1726 vel
1270 1655 1516 1726 domesticorum
1590 1703 1594 1710 -

67 1794 71 1847 ς
190 1776 309 1834 monitu
330 1772 365 1834 id
388 1764 479 1834 dicas
500 1765 631 1845 laetum,
670 1768 757 1848 quod
794 1753 894 1834 Oenei
929 1759 1016 1830 ritae
1052 1764 1134 1830 laiso
1173 1760 1326 1831 insidiari
1348 1766 1517 1832 dloeretur

66 1865 69 1899 ²
189 1874 407 1956 Melanippus.
431 1874 547 1939 Notum
569 1880 686 1952 autem,
698 1880 841 1952 quantae
864 1867 988 1938 luerint
1017 1881 1128 1952 partes
1150 1873 1385 1938 calumniarum
1407 1865 1517 1952 suspi-

65 2004 70 2016 ·
188 1985 377 2062 oionumque
399 1977 553 2044 salsarum
577 1984 608 2041 in
633 1975 764 2042 fabulis.

64 2128 67 2171 :
254 2085 319 2152 Sed
342 2094 514 2166 antequam
537 2088 580 2150 ad
602 2082 716 2149 fratris
749 2085 879 2150 eaedem
918 2089 1093 2151 incitarent
1113 2084 1236 2168 Tydea,
1259 2082 1410 2149 sidentur
1431 2074 1516 2147 ami·

187 2209 259 2258 eum
282 2194 442 2274 quendam
473 2185 652 2271 Melanippi
688 2192 732 2313 ad
759 2186 886 2254 lacinus
916 2192 1109 2269 stimulasse
1133 2191 1217 2270 quod
1240 2183 1298 2253 ille
1320 2189 1516 2269 deprecatus

61 2290 91 2365 ‚⁴
190 2291 328 2360 estita:

400 2393 527 2464 orediti'
549 2413 599 2463 me
622 2403 718 2463 amiel
740 2405 843 2463 niorto
869 2397 1057 2463 induturum
1081 2388 1210 2464 minuo?

256 2539 364 2616 Atque
387 2539 492 2615 liniue,
516 2539 592 2601 dum
624 2534 785 2617 promittit
821 2539 1004 2618 Melanippo
1035 2548 1156 2605 ooeium
1187 2556 1223 2604 ee
1244 2538 1314 2604 lore
1336 2547 1515 2618 utcumque

57 2653 73 2699 2.
164 2644 415 2724 periculorum,
444 2642 523 2710 haee
549 2640 652 2727 inere,
672 2652 710 2708 ut
730 2650 817 2724 puio:

400 2781 535 2858 paratus
557 2792 636 2857 sum,
659 2771 716 2840 ubi
739 2786 797 2854 ris,
821 2781 931 2857 petere
953 2784 1079 2856 partem
1100 2770 1243 2855 permiti.

54 2969 56 2973 .
256 2918 320 2984 voi
346 2920 510 3001 „permiti‘
535 2937 556 2985 a
584 2919 799 3002 ‚pei-mitium*
818 2921 1013 3001 dictampno
1040 2915 1245 3003 ¹‚perniciei‘.
1269 2912 1317 2983 Ol.
1341 2933 1450 2983 eornm.
1476 2922 1512 2982 ln
1554 2973 1556 2977 .

53 3041 57 3050 ·
187 3021 267 3089 Non.
353 3073 361 3102 ‚
404 3068 413 3087 .

52 3088 57 3151 ἐ
253 3030 448 3191 Se2oi9reibis
471 3145 554 3207 quae
576 3135 653 3190 sunt
680 3135 763 3210 iate
785 3145 854 3193 esse
875 3128 951 3194 huie
972 3145 1076 3193 noxae
1098 3122 1290 3192 obnoxium*
1306 3133 1417 3191 utrum
1438 3123 1513 3191 Mo·

50 3262 53 3293 ;
185 3233 336 3314 lanippus
359 3238 526 3316 tangatur,
562 3234 648 3313 quod
682 3250 818 3317 regnum
862 3230 1031 3299 affectaret
1051 3232 1165 3314 patris,
1187 3248 1229 3299 an
1267 3231 1397 3312 mens,
1419 3231 1511 3313 quod
1584 3277 1586 3281 -

48 3382 52 3397 .
185 3338 346 3418 parcendo
368 3337 444 3402 huie
471 3337 611 3416 probare
634 3341 799 3404 videretur
821 3346 889 3404 eius
912 3339 1056 3417 consilia,
1077 3357 1119 3404 an
1141 3334 1280 3419 denique
1303 3342 1375 3418 post
1395 3342 1512 3417 pama-

47 3411 68 3522 j'
186 3450 253 3505 tam
276 3443 405 3506 caedem
426 3440 554 3523 Tydeus
575 3439 705 3507 deliniri
732 3438 857 3524 nequit

46 3572 53 3638 f
206 3545 367 3624 Inepta
399 3542 510 3610 dieta
523 3543 675 3626 laetaque
712 3547 808 3611 unius
841 3563 882 3612 ex
908 3553 1054 3628 personis
1084 3551 1357 3628 perstringuntur
1376 3544 1426 3610 ita
1448 3539 1507 3624 (ef.
1568 3581 1570 3584 >

44 3658 50 3737 ξ
185 3647 275 3718 Fest.
298 3666 354 3733 pg
379 3652 468 3730 270:

290 3797 396 3861 neque
417 3788 556 3846 ratumst
578 3785 663 3863 quod
685 3785 766 3848 diois
787 3786 929 3868 l‚dleas‘
955 3785 1023 3867 ed.)
1048 3802 1154 3865 neque
1177 3801 1261 3866 quae
1270 3784 1374 3850 motas
1394 3776 1510 3866 (μεί-

930 3890 998 3956 tas·
1025 3891 1091 3970 ed)
1114 3892 1275 3958 dioendist
1295 3890 1396 3969 locum

41 4040 45 4045 -
138 4039 145 4055 ·
184 4005 219 4063 et
277 4014 343 4062 nro:

40 4066 45 4143 s
235 4013 276 4079 llo
324 4099 327 4106 '
395 4105 491 4172 reiois
513 4107 572 4173 abs
593 4112 627 4172 te
651 4101 843 4200 religionem
864 4124 1042 4191 eorupeam,
1066 4113 1224 4189 impunest
1245 4105 1320 4173 tibi.

227 4238 314 4314 ‘nio
335 4261 357 4311 a
378 4244 525 4313 Varrone
556 4249 597 4314 de
620 4249 644 4312 l.
667 4249 724 4313 lat.
755 4247 837 4327 vii·
862 4253 904 4314 dd
927 4256 1074 4314 servatus
1108 4257 1158 4314 est
1179 4265 1299 4326 versum
1340 4247 1396 4311 ubi
1423 4247 1504 4311 edd.
1533 4284 1554 4300 -·

148 4336 151 4345 '
186 4353 306 4417 habent
347 4353 525 4434 ‚imponas‘
559 4359 672 4419 omisso
700 4339 811 4436 ,tibi‘‚
849 4357 934 4437 quod
964 4357 1092 4421 addidit
1125 4352 1163 4420 0.
1189 4353 1375 4421 Muellerus.
1413 4349 1508 4434 Quae

36 4480 41 4493 ·
184 4459 383 4542 praecedunt
403 4457 625 4538 itaquidemur
646 4458 831 4530 scribenda:
858 4455 1028 4543 „Valerius
1051 4458 1288 4544 (eorupipedani
1307 4460 1429 4526 dietam
1440 4472 1506 4539 pu·
1540 4551 1543 4555 .
1597 4473 1600 4480 ·
