3284 5136
786 295 994 366 ...47-

231 510 365 560 aooensa
386 501 420 559 ln
444 493 571 561 Vlixem
602 491 687 577 odia,
710 495 802 564 cuius
832 498 907 564 dolo
938 499 1013 566 olim
1035 498 1102 582 ipse
1134 496 1274 565 Achillea
1296 502 1340 566 ad
1364 501 1491 584 usuum,
1514 507 1551 567 in

231 618 296 681 quo
328 609 402 666 erat
432 608 606 682 periturus,
628 601 757 668 illectus
795 611 887 670 esset
919 602 983 670 Sed
1015 601 1139 681 Vlixes,
1165 621 1231 686 qua
1264 614 1337 672 erat
1357 602 1549 689 calliditate,

164 792 165 797 Ἰ
231 701 375 790 optinuit
397 714 502 773 tamm
526 711 611 795 quod
634 710 778 789 peteoat,
799 715 955 775 orationis
977 718 1048 777 arte
1063 712 1231 777 subnixus.

162 874 165 899 ἱ
298 809 568 899 Fragmentorum
591 833 668 896 pars
690 814 759 881 iero
777 823 872 882 tertia
889 825 1040 883 versatur
1067 818 1290 885 invirtutibus
1315 825 1464 901 vittisque
1486 813 1552 885 Ne·

162 992 165 998 ,
232 921 394 1022 optolemt.
407 922 514 1004 qualis
534 938 556 986 a
578 927 679 1005 poetis
702 921 812 987 latinis
833 923 973 988 describi
996 925 1088 1003 solet,
1112 919 1302 990 referendis.
1319 920 1553 1010 minoramus

159 1060 162 1109 ς
230 1025 330 1094 fuisse
351 1028 518 1095 dicuntur:

158 1144 163 1241 ζ
549 1162 607 1236 ris,
631 1163 741 1223 rertus
763 1163 799 1236 il.
822 1173 849 1222 e.
875 1158 992 1240 virtus)
1014 1165 1111 1240 atque
1133 1156 1263 1225 acrites.

298 1299 450 1380 Adeoque
474 1305 506 1362 ln
529 1299 660 1363 laudern
682 1298 751 1363 eiua
785 1300 828 1389 ab
851 1296 945 1364 Vlixe
968 1300 1056 1364 dicta
1078 1298 1167 1364 haec:

647 1429 735 1513 'quid
759 1429 788 1498 si
809 1450 849 1497 ex
872 1431 1009 1500 Graecia

443 1540 529 1603 omni
560 1531 650 1603 illius
673 1553 735 1620 par
757 1553 847 1601 nemo
870 1533 1008 1620 reperiri
1030 1540 1152 1619 potami

153 1652 156 1657 ⁸
204 1667 205 1672 ⁸
299 1676 417 1745 Contra
438 1681 649 1760 exprobrant,
672 1682 766 1759 quod:

150 1810 153 1817 '
446 1814 526 1881 haut
546 1823 717 1899 quisquam
741 1819 826 1896 potis
848 1822 898 1879 est
921 1813 1061 1880 tolerare
1081 1816 1306 1890 acritudinem

151 1922 157 1947 ⁸
164 1930 167 1947 '
231 1934 318 1996 item:

444 2044 516 2120 rim,
537 2037 689 2109 ferociam
712 2050 821 2123 animi,
848 2047 1057 2125 atrocitatem,
1079 2045 1170 2118 uam.
1192 2049 1406 2110 acrimoniam.

145 2242 148 2259 ,
299 2145 429 2256 Pudore
450 2205 485 2252 se
508 2188 612 2252 teneri
636 2183 844 2268 Graecorum,
868 2189 953 2268 quod
975 2186 1019 2252 ab
1050 2185 1150 2252 armis
1173 2188 1311 2267 abessa,
1332 2182 1560 2265 Neoptolemus

143 2285 150 2357 i
233 2297 278 2358 stc
299 2292 491 2358 declararit:

446 2415 534 2479 dolet
557 2414 722 2497 pudetque
744 2413 879 2480 Gratum
903 2431 952 2480 me
973 2421 1007 2479 et
1030 2430 1104 2480 vero
1127 2412 1227 2497 piget.

139 2638 144 2651 1
299 2558 344 2623 lu
365 2555 491 2621 Vlixem
514 2557 603 2640 prius
628 2556 833 2640 Lycomedem
856 2563 889 2619 et
911 2554 1112 2620 Deidamian
1135 2571 1326 2638 aggressum
1348 2548 1555 2632 crediderim,

138 2661 143 2733 l
234 2668 353 2743 qnippe
375 2663 491 2742 quibus
513 2658 607 2726 victis
631 2658 726 2727 facile
750 2663 1000 2743 Neoptolemum,
1020 2662 1104 2726 bella
1120 2655 1255 2726 ineundi
1270 2654 1442 2742 patrisque
1472 2652 1560 2725 ulci-

137 2790 140 2857 j
233 2760 346 2832 scendi
369 2762 623 2849 cupidissimum.
648 2763 681 2831 in
706 2773 816 2848 partes
838 2783 905 2830 sese
929 2765 1060 2830 trahere
1082 2782 1172 2847 posse
1186 2773 1345 2846 speraret.
1369 2763 1558 2830 Deidamiae

136 2892 143 2967 ξ
232 2869 337 2954 igitur
373 2873 543 2938 orbitatem
567 2867 732 2938 recusanti
769 2878 843 2953 post
865 2870 1023 2935 Achillem
1060 2872 1243 2952 ademptum
1278 2879 1312 2935 et
1333 2870 1375 2935 oo
1396 2870 1429 2933 td
1453 2865 1570 2959 fillum·

135 2978 168 3058 ἢ
233 2975 393 3042 dimittere
423 2977 545 3043 nolenti
578 2971 719 3042 alterius
750 2978 892 3060 coniugii
923 2990 1012 3057 spem
1044 2975 1174 3041 ridetur
1202 2970 1346 3039 movisse.
1380 2972 1474 3055 Quod
1494 2974 1559 3037 illa

133 3084 139 3159 ζ
180 3142 184 3151 ,
233 3080 349 3176 abnuit
371 3080 422 3146 his
445 3084 554 3147 verbis
571 3098 642 3146 usa:

130 3184 137 3277 ἓ
196 3253 201 3259 -
340 3217 395 3280 sed
427 3234 522 3296 quem
554 3215 632 3280 milri
664 3214 818 3300 turgenti
848 3223 1021 3298 uniquus
1049 3233 1120 3281 cunr
1152 3214 1211 3282 illo
1242 3210 1367 3295 inerim,
1392 3207 1559 3298 dignabor

131 3324 136 3334 “
1362 3323 1451 3389 darii
1542 3356 1545 3362 ·

323 3448 387 3518 voi
410 3468 472 3518 non
496 3458 559 3528 est,
583 3469 641 3518 cur
669 3453 866 3538 ,dignabor
884 3468 957 3517 cnm
980 3449 1154 3519 Ribbecirio
1168 3459 1294 3516 metuas
1309 3456 1411 3516 actim
1424 3450 1557 3530 dictum,

127 3586 133 3657 ξ
235 3572 306 3620 cum
327 3554 410 3622 Non.
436 3573 491 3640 pg.
517 3559 580 3623 281
605 3573 630 3622 s.
653 3558 679 3623 l.
705 3559 861 3641 diguatus
882 3557 1059 3623 contendat
1079 3556 1403 3637 passireadhibltnm.
1419 3548 1559 3636 Quaerit

126 3664 131 3733 i
233 3656 413 3740 Deidamia,
437 3679 501 3742 qno
537 3658 677 3746 coniuge
705 3659 812 3744 vpossit
847 3680 915 3730 esse
938 3665 1042 3746 digna
1063 3658 1110 3744 (id
1134 3668 1184 3726 est
1215 3660 1266 3726 cui
1288 3653 1487 3742 conveniens
1510 3654 1554 3724 ci.

125 3740 131 3851 ς’
234 3761 328 3830 Orid.
351 3763 450 3833 Trist.
474 3763 516 3840 11,
542 3769 603 3832 161
628 3765 702 3848 sq.),
726 3783 810 3847 quae
832 3766 923 3833 heroi
946 3761 1087 3832 omnium
1109 3768 1285 3832 clarissimo
1317 3762 1418 3829 inerit
1439 3771 1555 3845 παρα.

124 3854 130 3957 {⁸
258 3922 261 3930 .
300 3870 412 3937 Verba
434 3880 511 3938 sunt
532 3866 637 3941 Vlixis
662 3871 716 3956 (cl.
739 3872 838 3940 Ribb.
867 3876 1029 3958 pg.'40ii)
1059 3873 1104 3938 ad
1126 3877 1311 3938 constanter
1342 3878 1555 3938 recusantem:

446 3989 528 4071 soti’⁴
542 3989 617 4072 'lam
648 4009 769 4073 dictum
799 4022 904 4089 neque
939 4022 1002 4090 ego
1029 4005 1192 4071 errantiae
1214 4009 1313 4070 animi
1334 4001 1558 4086 prare'mori·

1294 4108 1446 4196 geratur.

304 4251 353 4320 De
377 4255 486 4320 omem
508 4251 676 4324 Deidamia
697 4255 788 4326 finito
809 4251 972 4338 colloquio
994 4253 1075 4322 haec
1094 4254 1190 4338 (Non.
1215 4249 1290 4332 469,
1314 4254 1367 4331 193
1390 4252 1466 4331 ote,
1484 4242 1533 4334 6)ε

345 4383 401 4451 ubi
422 4384 469 4448 nil
492 4391 603 4450 contra
625 4383 785 4453 rationem
806 4396 904 4469 atque
925 4402 1062 4467 aequom
1081 4386 1206 4464 habult,
1228 4385 1373 4450 adsensit
1392 4381 1503 4448 silens.

342 4498 427 4559 satin
448 4499 523 4557 astu
546 4489 747 4558 attollendo
769 4496 884 4564 calidi
966 4497 968 4502 '
