3284 5136
71 368 76 579 i
245 475 394 563 Denique
418 486 452 550 id
474 485 559 565 quod
582 492 640 550 cst:

390 635 565 702 parumper
588 624 729 702 reprime
752 623 815 686 rim
839 624 975 687 citatum
1000 619 1248 703 quadrupedum

132 774 139 803 2
179 757 287 815 utrum
311 753 355 816 ad
377 769 510 833 menam
543 753 689 833 eandem,
728 769 794 833 qua
815 769 836 816 a
858 749 956 818 'l'nllo
987 751 1123 819 Mettum
1160 751 1321 821 Fufetium
1352 743 1504 820 affectum

130 932 134 953 3
178 858 314 924 tradunt
335 855 389 942 (ea
410 863 515 942 potnit
537 864 719 926 excruciari
744 852 950 943 iphidamas).
973 866 1133 942 pertineat
1153 878 1195 926 an
1218 860 1268 928 hie
1290 858 1397 928 verbis
1416 878 1504 930 conr·

129 972 133 1060 ij
178 957 323 1046 pelletur
345 962 410 1043 Sol,
434 972 471 1037 ut
493 983 627 1030 currum
651 963 775 1031 diutius
799 965 942 1048 patiatur
965 975 997 1031 iu
1020 968 1111 1032 caelo
1134 967 1504 1045 versaraenbiutitio·

127 1067 576 1167 gmmffiffim.

680 1247 834 1315 xxviii.
857 1249 998 1316 Hecuba.

124 1411 132 1491 4·
243 1393 349 1490 Extat
371 1418 538 1506 Euripidis
561 1421 696 1510 Ἑκάβης
723 1443 821 1508 quam
847 1427 976 1493 Ennius
1011 1425 1157 1490 imitatus
1190 1434 1252 1491 est.
1286 1427 1339 1494 lix
1360 1429 1503 1494 Acciana

121 1544 126 1627 {
179 1547 264 1595 unua
286 1537 435 1596 serratus
457 1528 646 1609 versiculus,
671 1549 712 1597 ex
735 1550 800 1613 quo
822 1532 904 1597 nibil
927 1526 1101 1612 quidquam
1126 1539 1230 1613 potest
1251 1531 1413 1598 concludi.

571 1740 572 1743 ’
691 1744 814 1810 XXIX.
846 1744 1011 1808 Hellenos.

118 1948 125 1967 -·
176 1972 178 1978 .
245 1917 437 1987 Hellenibus
459 1919 553 1986 Bibb.
591 1937 650 2004 pg.
675 1924 741 1987 428
759 1951 792 1965 -·
809 1924 848 1985 iti
874 1918 964 1985 Pelei
1001 1936 1054 1984 res
1086 1919 1129 1986 ab
1151 1920 1346 2004 Apollodoro
1367 1920 1428 2001 ΙΙΙ,
1456 1925 1494 1991 ie

122 2126 125 2131 Ι
182 2026 277 2104 1-8;
302 2032 320 2095 7
344 2026 466 2094 relatas
488 2034 626 2093 tractari
649 2027 821 2109 existimat.

548 2237 656 2305 XXX.
681 2237 802 2304 xxxi.
825 2237 871 2304 Io.
895 2236 1123 2303 Prometheus,

113 2432 116 2483 ἐ
242 2412 279 2478 lo
302 2430 374 2478 cum
399 2411 486 2477 baud
512 2429 588 2479 raro
621 2415 839 2479 Romanorum
862 2421 967 2478 scenis
995 2421 1157 2496 agitatam
1177 2425 1336 2498 appareat
1358 2434 1398 2481 ex
1418 2405 1502 2482 Hor.

111 2504 115 2581 Ῐ
175 2518 281 2601 Epist.
306 2517 348 2600 ii,
373 2522 494 2600 11111,
517 2525 587 2585 iure
609 2516 721 2586 iecisse
760 2514 888 2585 ridetur
921 2518 1126 2602 Ribbeckius‚
1150 2522 1233 2605 quod
1256 2536 1330 2587 eam
1351 2538 1410 2605 pg.
1435 2523 1500 2586 548

111 2650 115 2701 3.
176 2626 325 2691 distinxit
347 2627 548 2709 tragoediam
581 2627 623 2690 ub
645 2627 789 2691 eiusdem
823 2622 916 2692 Accii
940 2626 1142 2691 Prometheo.
1166 2626 1245 2691 'i'rla
1276 2629 1325 2693 rel
1345 2637 1501 2709 quattuor

108 2742 113 2815 ξ
176 2737 303 2796 serrata
317 2738 394 2795 sunt
408 2729 603 2814 fragmenta.
617 2731 670 2797 Er
685 2731 804 2811 quibua
826 2748 923 2796 noum
947 2731 1130 2798 obscurum.
1156 2729 1238 2797 Nam
1262 2733 1418 2799 traditam
1440 2739 1498 2802 sie:

495 2855 687 2934 qulbusnam
710 2861 742 2919 te
765 2856 878 2920 aibant
900 2862 1005 2920 ortum
1028 2854 1122 2920 locis?

244 2989 294 3054 Ad
318 2988 351 3050 Io
379 3005 419 3052 ne
446 2989 609 3066 trahatur,
627 2991 710 3067 qnod
738 2988 913 3053 Ribbeclrio
937 2996 1048 3068 risum,
1074 2996 1131 3068 qui
1151 2989 1266 3054 scribit
1296 2989 1496 3071 ‚cromam‘‚

106 3100 113 3183 Ι·
177 3084 281 3172 ipsum
304 3090 386 3157 illud
414 3087 579 3170 ,aibant·,
598 3092 702 3171 'quod
740 3089 847 3156 firmat
883 3086 1072 3157 Priscianus
1103 3108 1159 3176 pg.
1185 3091 1264 3173 906,
1291 3095 1420 3158 ridetur
1442 3095 1500 3157 ob·

105 3194 110 3285 ξ
177 3202 276 3261 stare.
305 3193 372 3262 lam
406 3211 480 3261 cum
503 3197 602 3278 plane
625 3202 668 3260 sit
690 3200 861 3278 incertum,
894 3194 1025 3262 fabulae
1056 3213 1152 3278 saepe
1174 3215 1194 3263 a
1215 3205 1320 3281 poetis
1342 3193 1499 3280 repetitae

176 3303 304 3383 qualem
328 3299 465 3368 formam
499 3306 541 3366 sit
562 3307 690 3367 mcuius
725 3295 852 3378 Accius,
887 3301 1112 3367 abstinendum
1150 3305 1217 3369 erit
1238 3319 1260 3369 a
1282 3303 1500 3376 coniectando.

177 3403 234 3468 lus
256 3403 398 3471 fabulam
422 3407 540 3489 epyllio
562 3410 749 3485 persecutus
786 3409 835 3467 est
855 3399 985 3484 Calvus,
1007 3410 1129 3469 amicus
1151 3403 1283 3474 catnib.
1317 3407 1363 3473 De
1385 3409 1498 3473 eadem

178 3512 303 3601 li⁰li¹0
325 3513 460 3579 Ovidius
481 3496 843 3591 M0tdm·1.5835qq.
878 3513 922 3579 iit
945 3507 1030 3577 inter
1067 3509 1207 3579 Graecos
1235 3513 1435 3597 tragoediam
1457 3514 1499 3578 de

100 3612 106 3693 ξ
177 3617 210 3680 lo
232 3624 406 3697 scripserat
428 3604 640 3683 Chaeremon.

99 3746 108 3798 ‚·
242 3719 395 3789 (letarum
419 3718 621 3796 conterenda,
644 3738 728 3802 quae
750 3723 791 3786 de
813 3716 1006 3801 Minotauro,
1029 3737 1113 3801 quae
1137 3718 1241 3786 iertur
1263 3715 1355 3787 dccii
1370 3719 1496 3799 fabula,

177 3823 264 3890 inira
291 3828 545 3889 adnotabuntur.

96 3918 100 4003 ᾖ
242 3932 295 3997 ad
317 3925 467 3996 miserias
489 3929 672 3996 Promethei
694 3925 837 3995 Caucaso
859 3925 962 3996 monti
983 3925 1074 3996 aiiixi
1097 3937 1219 4012 spectat
1255 3935 1387 3996 unicum
1408 3927 1499 4016 frag·

178 4045 317 4104 mentum
351 4039 435 4119 quod
474 4045 578 4103 restat
592 4023 595 4028 ’
608 4053 647 4103 er
670 4035 782 4102 fabula
820 4039 912 4102 dccli
933 4053 985 4119 ap.
1023 4039 1103 4106 Non.
1143 4040 1207 4102 toi
1240 4055 1290 4119 sq.
1314 4057 1341 4105 a.
1363 4040 1386 4104 l
1408 4037 1498 4119 gelu:

94 4180 103 4247 ἱ
178 4141 280 4208 Prisc.
313 4142 388 4230 685:

91 4451 101 4503 't

493 4252 562 4310 tum
585 4243 735 4326 proiaau·
759 4241 890 4311 ilamine
921 4245 1056 4310 hiberno
1078 4246 1181 4328 gelus.

245 4376 294 4444 ci.
318 4377 474 4442 Ribbeck.
500 4394 558 4458 pg.
585 4384 648 4446 643
672 4399 723 4460 sq.
749 4377 873 4445 contra
896 4380 981 4460 quod
1005 4379 1091 4444 idem
1122 4376 1199 4443 huic
1220 4376 1334 4444 tribuit
1356 4379 1498 4444 alterurn

90 4523 101 4593 ἶ,
177 4496 231 4564 ap.
253 4477 337 4543 Non.
367 4483 416 4557 17,
440 4480 473 4560 8,
512 4473 675 4544 ciceronis
713 4477 848 4562 petitum
872 4496 890 4544 e
913 4480 984 4545 loco
1019 4485 1186 4543 notissimo
1222 4477 1332 4561 (ibae.
1358 4478 1403 4558 ii,
1430 4480 1498 4564 10),
1580 4483 1583 4487 “
