3284 5136
821 297 1028 364 ...45-

237 582 241 591 ι
482 502 572 561 ouius
594 502 725 561 erurlas
746 501 780 561 et
802 514 951 563 eoronam
974 498 1048 564 huie
1070 505 1253 565 muneravit
1274 494 1407 585 virgini.

337 621 510 690 Mreusarlt
531 623 617 703 apud
639 621 766 686 eosdem
788 616 837 687 ita
859 639 924 687 rem
949 622 1124 707 Meleager:

429 761 574 818 remanet
596 755 703 836 gloria
726 755 884 835 apudm03
897 754 1029 820 exuvias
1048 757 1181 840 dignari
1192 758 1367 824 Atalantae
1389 757 1483 852 tlara.

327 894 384 966 ci.
408 895 499 965 Orid.
523 896 653 965 Metam.
676 895 766 976 vni,
797 885 1027 969 aen-mma
1050 906 1155 967 minus
1189 901 1292 985 spolia
1306 909 1488 986 eripiuntur
1510 902 1593 970 Ata·

169 1070 172 1079 ,
269 1005 379 1071 laniae
401 1007 445 1070 ab
469 1004 638 1088 Althaeae,
658 1006 817 1089 Meleagri
841 1013 967 1083 matris,
991 1004 1162 1088 iratribus
1186 1016 1242 1088 qai
1256 1011 1330 1074 ideo
1350 1010 1394 1074 ab
1416 1010 1475 1075 lioe
1489 1009 1593 1076 iuter·

168 1144 173 1179 r
270 1111 431 1179 ficiuntur.
469 1112 550 1179 ‘lum
587 1115 700 1179 edocta
721 1113 763 1179 de
786 1114 907 1180 scelere
928 1109 990 1180 filii
1013 1121 1048 1180 et
1069 1130 1171 1196 prona
1192 1118 1235 1180 ad
1256 1115 1412 1182 ultionem
1450 1116 1593 1184 Althaea

168 1218 170 1225 '
270 1238 366 1302 quarn
390 1223 556 1286 celerrime
578 1223 670 1286 iubet
690 1228 855 1302 apportari
879 1228 1084 1302 terramque
1100 1224 1263 1287 eombusto
1285 1224 1484 1304 pereundum
1505 1229 1594 1289 esset

163 1326 169 1411 j
269 1324 450 1409 Meleagro.
476 1329 585 1404 Atque
608 1325 672 1390 hue
693 1331 858 1405 perurant
879 1323 970 1393 haee:

480 1465 558 1515 aare
580 1449 736 1514 lassitudo
758 1450 916 1532 poplitum
940 1456 1032 1514 tuum
1054 1466 1181 1514 cursum
1205 1451 1301 1527 leret;

161 1549 165 1633 3
270 1578 305 1638 et
325 1589 433 1653 porro:

480 1697 625 1763 laborem
649 1703 686 1761 ut
709 1692 835 1762 minuat
857 1690 956 1762 itiner
978 1697 1127 1781 ingresso
1150 1692 1234 1764 riae.

157 1882 170 1912 Ἰ
335 1829 438 1897 Ροιιο
461 1828 548 1916 fugit
569 1826 784 1896 Bibbeeliium
806 1833 971 1914 iungenda
993 1826 1080 1896 iuter
1102 1848 1138 1895 se
1160 1832 1344 1912 lamense
1365 1831 1520 1898 seruntur
1533 1847 1592 1913 ap.

155 1956 160 2033 j
268 1935 351 2027 Non.
375 1945 450 2021 483,
472 1939 527 2018 '113
554 1945 627 2020 124,
651 1933 705 2006 86:

481 2088 568 2138 nuno
589 2077 617 2138 si
641 2088 691 2137 me
713 2076 847 2137 matrem
871 2087 1034 2139 mansuem
1057 2070 1275 2139 misericordia

480 2186 584 2258 eapsit
599 2215 637 2226 —-

479 2282 552 2364 quis
575 2288 650 2364 erit,
672 2279 730 2364 qai
752 2301 816 2347 non
841 2300 890 2348 me
913 2300 1081 2364 spernens,
1108 2284 1247 2348 inoilans
1269 2283 1408 2363 probro,

479 2405 626 2453 sermone
646 2383 840 2453 indecorans
862 2384 952 2469 turpi
974 2387 1060 2454 fama
1081 2384 1229 2453 differet?

147 2576 152 2631 i
337 2526 419 2596 Nam
441 2540 571 2613 aoeepto
595 2538 683 2597 torre
705 2527 763 2596 diu
785 2532 983 2597 deliberasse
1016 2539 1150 2597 matrem
1187 2527 1367 2597 fratrumne
1390 2536 1523 2602 mortem
1546 2546 1591 2596 au

269 2627 332 2700 lilii
354 2636 489 2702 salutem
511 2643 614 2722 magis
637 2640 823 2718 respiceret,
849 2644 885 2701 ut
907 2636 1041 2703 Ovidius
1062 2633 1189 2718 scribit,
1213 2634 1262 2702 ita
1272 2639 1405 2702 Aeolum
1426 2637 1594 2703 rettulisse

269 2759 377 2808 omnes
405 2741 503 2810 habet
525 2745 948 2825 probabilitatisnumeros.
974 2743 1063 2809 Nihil
1086 2751 1193 2810 tamen
1217 2749 1391 2822 invenitur,
1407 2739 1593 2824 quopaeni·

142 2855 147 2916 ἐ
267 2846 371 2912 tentia
392 2842 463 2912 eius
484 2865 559 2913 sera
582 2851 757 2930 eademque
780 2849 877 2914 irrita
898 2850 1081 2914 adseratur.
1096 2847 1466 2930 Deniqueeoulerendus
1476 2864 1591 2916 eomm.

140 2935 146 3037 3
184 2991 195 3024 .,
266 2945 302 3014 in
326 2953 410 3017 non.
437 2958 512 3033 err.
538 2961 591 3035 193
617 2962 672 3038 ao;
698 2963 773 3036 soe,
797 2962 831 3023 e.

756 3144 892 3215 XXXV.
921 3141 1138 3213 Minotaurus.

335 3320 548 3387 Minotaurum
592 3322 707 3388 dubito
743 3339 786 3387 an
824 3322 867 3389 ab
899 3320 997 3389 Aeolo
1041 3317 1197 3403 seriptum
1226 3337 1295 3388 esse
1330 3331 1465 3406 ‘negem
1502 3320 1591 3387 Nam

265 3421 323 3505 qui
345 3433 447 3490 restat
473 3444 582 3492 versus
605 3426 727 3506 unicus,
751 3423 800 3493 ita
823 3425 890 3493 iere
923 3432 1044 3493 citatur
1065 3433 1101 3492 ln
1124 3421 1284 3492 Prisciani
1307 3427 1401 3516 libris
1422 3442 1478 3509 pg·
1503 3432 1587 3495 eat:

132 3534 143 3555 ''
240 3533 403 3615 ⁴,Aoeius
424 3529 459 3597 in
482 3534 572 3611 Ioe“;
613 3530 670 3600 ubi
707 3551 790 3599 unus
826 3540 952 3598 tantum
975 3549 1015 3600 er
1039 3527 1173 3599 aorleiis
1209 3531 1304 3597 libris
1325 3538 1360 3597 et
1381 3530 1588 3611 interpolatis

130 3652 140 3700 i
264 3633 362 3699 habet
388 3643 439 3719 ,in
462 3635 602 3702 Minoe‘.
643 3639 730 3701 Illud
762 3645 872 3702 autem
914 3636 1005 3717 ,Ioe‘
1043 3631 1150 3714 potius
1176 3624 1398 3714 accipiendum
1419 3649 1478 3712 pro
1503 3632 1580 3714 ,10⁴

129 3766 132 3771 ’
264 3744 315 3808 rel
343 3741 469 3826 ,Ione‘,
493 3758 566 3807 eum
589 3744 671 3808 idem
693 3760 787 3807 error
823 3731 1009 3807 inveniatur
1038 3756 1090 3821 ap.
1123 3737 1223 3805 Prisc.
1245 3754 1303 3822 pg.
1327 3740 1403 3822 686;
1427 3739 1501 3818 9063
1526 3737 1586 3804 abi
1614 3801 1617 3807 .

126 3866 135 3943 ,ἱ
264 3851 375 3915 eadem
397 3856 519 3915 ellatur
541 3849 661 3914 fabula.
686 3848 788 3912 Porro
824 3850 913 3928 apud
943 3846 1145 3911 Macrobium
1166 3844 1303 3912 Saturn.
1327 3842 1385 3925 vi,
1410 3850 1443 3922 e,
1456 3846 1512 3927 ‚14
1535 3844 1585 3911 le·

125 3992 130 4047 i
263 3964 386 4040 guntur
408 3955 498 4024 haee:
526 3956 630 4034 ,idem
652 3954 687 4020 in
710 3951 906 4022 Minotauro:
929 3951 1120 4036 taarlgeno‘
1148 3967 1177 4020 e.
1201 3968 1233 4033 q.
1255 3968 1283 4017 s.
1306 3947 1370 4020 Vbi
1392 3966 1464 4017 enm
1486 3947 1585 4015 omis·

129 4142 132 4146 Ι
262 4076 332 4125 sum
354 4066 398 4125 sit
424 4059 499 4143 ,ex‘
525 4056 561 4125 in
583 4059 741 4142 principio
764 4075 873 4125 versus
895 4057 1039 4138 nicolani,
1054 4063 1192 4138 suspicio
1210 4056 1315 4120 oritur
1335 4055 1419 4120 illud
1444 4055 1580 4131 ,tauro⁸

123 4170 128 4193 '
262 4176 374 4234 natum
386 4184 426 4233 ex
448 4175 601 4248 sequente
620 4166 844 4251 ‚laurigeuo⁴‚
866 4163 930 4249 ,ιη’
945 4181 986 4231 ex
995 4163 1211 4245 praecedente
1231 4165 1301 4245 ,ιη’
1312 4159 1584 4241 seribendumque

151 4254 155 4300 :
266 4269 517 4358 ,ideminlono“
541 4271 661 4353 (,idem
682 4277 717 4336 ln
740 4271 775 4336 Io
797 4276 910 4335 laura·
936 4271 988 4335 vel
1014 4266 1155 4346 ‚iulone
1176 4267 1291 4332 taura‘
1318 4267 1401 4331 male
1423 4264 1584 4350 Botlrlue).

120 4386 125 4396 '
207 4437 211 4444 .
262 4377 353 4460 Quod
368 4387 477 4444 autem
495 4378 581 4458 apud
595 4377 804 4444 Ribbeelrium
815 4371 1185 4456 adeolabelainsoripta
1199 4369 1322 4456 ‚Minoe
1330 4369 1396 4438 sire
1417 4367 1586 4436 Minotau-

118 4506 122 4513 ·
227 4516 235 4533 ·
261 4482 350 4563 rus⁸,
368 4485 463 4551 ‘illius
485 4476 577 4546 tituli
597 4480 696 4561 plane
718 4482 810 4546 nulia
831 4487 958 4545 eonstat
989 4484 1178 4546 auotoritas.
1209 4473 1361 4542 Ceterum
1382 4474 1477 4542 fatali
1498 4490 1583 4556 qao
