3284 5136
118 39 127 501 Ξ

120 752 125 789 ι

120 896 125 955 i

121 1134 127 1205 l

121 1234 130 1433 Ξ

122 1442 127 1519 l

123 1788 127 1839 ς
260 1762 304 1827 De
328 1762 462 1827 Pacurll
499 1759 620 1826 iabulls
657 1779 728 1826 curn
767 1777 871 1844 nuper
903 1769 947 1828 stt
970 1769 1148 1844 exposltum
1181 1781 1202 1830 a
1235 1766 1334 1844 nobls,
1358 1775 1458 1834 restat
1479 1780 1517 1836 nt

123 1853 128 1921 ἶ
191 1878 311 1951 agatur
348 1872 389 1934 de
417 1865 563 1933 docianls
600 1861 731 1949 praeter
766 1875 905 1951 togatas,
944 1871 984 1934 de
1018 1871 1137 1950 qulbus
1172 1866 1206 1934 iu
1245 1872 1356 1936 eodem
1394 1875 1516 1940 dictum

191 1975 315 2042 llboilo.

125 2108 131 2193 ἱ
259 2081 347 2150 Accii
370 2104 441 2150 eunt
468 2086 580 2166 plures
602 2080 771 2163 aliquanto
795 2102 906 2150 versus
944 2091 1010 2150 slnt
1030 2093 1151 2150 serratl
1177 2104 1272 2168 quum
1297 2090 1441 2173 Pacuril,
1465 2101 1517 2158 ta.

124 2224 129 2243 ·
191 2208 261 2256 men
286 2193 327 2256 de
351 2197 542 2275 argumento
564 2198 598 2256 et
619 2188 848 2272 compositione
871 2186 1114 2276 tragoediarum
1137 2187 1209 2258 eius
1231 2211 1393 2275 quaerere
1411 2191 1512 2263 etiam

125 2266 131 2401 Ξ
189 2293 365 2376 dlificilius,
391 2294 511 2378 partim
535 2301 620 2378 quod
660 2316 792 2362 numero
831 2299 968 2362 inultum
1000 2305 1134 2362 vlncunt
1156 2299 1356 2364 Paenulanas
1377 2304 1512 2384 ideoque

126 2421 131 2489 ι
188 2405 405 2488 singularum,
430 2411 465 2469 ut
487 2405 672 2488 piurlmum,
697 2411 867 2487 pauciores
894 2412 1007 2471 extant
1031 2406 1199 2490 renquiae,
1223 2403 1342 2490 partim
1366 2413 1450 2492 quod
1473 2412 1513 2478 de

126 2502 135 2596 ‘t
189 2507 376 2576 auctoribus
398 2519 535 2595 graecls,
558 2531 638 2592 quos
660 2520 789 2578 secutus
812 2520 873 2585 est.
900 2515 1089 2594 plerumque
1099 2531 1151 2578 res
1174 2522 1369 2595 perlncerte.
1388 2515 1511 2583 -Hoe

127 2604 139 2701 ᾗ
189 2626 298 2685 tamen
321 2626 490 2700 utriusque
512 2636 677 2686 commune
700 2628 823 2701 poetae,
847 2621 933 2700 quod
966 2637 1026 2684 non
1061 2628 1128 2685 tam
1160 2621 1364 2706 Aeschylum,
1394 2621 1515 2704 Sopho-

128 2706 133 2815 ξ
188 2727 281 2806 elem,
306 2727 494 2805 Eurlpldem
517 2742 613 2805 quam
651 2723 812 2790 insecutos
839 2726 922 2789 hune
954 2733 1097 2806 temporo
1119 2734 1152 2790 et
1174 2722 1232 2807 qui
1254 2734 1395 2812 vesttgla
1416 2724 1514 2794 nulus

129 2822 134 2931 ξ
189 2841 378 2912 premerent
400 2834 549 2898 rldentur
572 2834 700 2901 lmitati.
1466 2891 1470 2900 .

129 2934 135 2996 l
257 2937 302 3000 lit
325 2955 444 3021 magna
481 2936 612 3019 quidem
651 2956 726 3020 pars
758 2934 937 3004 carminum
966 2938 1065 3021 Aeell,
1088 2940 1183 3021 plane
1214 2949 1251 3005 ut
1272 2939 1369 3006 Ennll
1393 2948 1427 3005 et
1451 2939 1511 3006 1³-

130 3024 141 3154 Ξ
189 3049 281 3124 eurll,
304 3040 339 3109 in
361 3045 443 3110 bello
473 3041 622 3126 Troiano,
645 3061 794 3128 quaeque
817 3041 847 3109 ei
872 3062 955 3111 nexa
991 3053 1067 3110 sunt
1089 3046 1186 3110 rebus
1206 3054 1239 3111 et
1261 3047 1380 3128 ordlne,
1404 3066 1514 3115 versa·

131 3166 138 3249 Ξ
189 3160 254 3215 tur.
278 3152 317 3216 In
341 3154 456 3233 qulbus
478 3146 745 3217 reconelnnondis
780 3168 852 3215 cum
883 3152 1008 3231 allqutd
1032 3157 1178 3215 tutentur
1200 3152 1388 3217 eelebrltate
1405 3168 1503 3236 argu-

132 3256 138 3333 ξ
189 3252 287 3322 menti
310 3275 331 3323 a
354 3265 455 3339 poetls
493 3276 594 3340 usque
632 3257 807 3336 decantati,
844 3258 930 3323 allae
952 3259 995 3323 ab
1017 3259 1129 3322 eodem
1152 3265 1244 3338 poeta
1282 3265 1441 3323 tractatae
1464 3257 1512 3322 ia·

132 3342 139 3446 ξ
189 3363 294 3438 bulae,
317 3364 357 3426 de
380 3365 649 3442 qulbusallunde
673 3366 859 3444 talparum
879 3369 1002 3426 constet
1026 3361 1077 3425 rel
1100 3361 1194 3425 nlhll.
1368 3424 1370 3428 ,
1509 3447 1511 3452 Ι

132 3450 138 3507 ῗ
256 3463 316 3532 His
339 3465 493 3551 expositis
514 3472 558 3536 ad
580 3467 713 3555 singula
734 3471 972 3535 descendemus.
995 3466 1034 3533 In
1056 3465 1175 3549 quibus
1189 3464 1429 3552 persequendis,
1447 3465 1511 3532 sie·

131 3516 141 3681 Ξ
189 3580 227 3636 ut
251 3590 353 3652 nuper
375 3582 408 3638 tn
443 3575 580 3639 Pacurlo
612 3573 743 3644 lactum.
780 3592 820 3639 ne
850 3569 886 3636 in
917 3573 1050 3643 nimium
1081 3577 1243 3638 excrescat
1276 3573 1385 3652 moles,
1407 3587 1510 3656 quan·

131 3698 140 3779 Ξ
188 3688 393 3760 cuneumque
415 3682 489 3744 lloet
511 3676 711 3745 studebimus
744 3681 904 3758 brerltatb
939 3696 979 3744 ea
1001 3696 1076 3743 roro
1098 3673 1255 3742 curiosius
1278 3673 1394 3743 ceteris
1409 3694 1507 3743 enar·

131 3782 139 3849 l
188 3785 358 3867 rabuntur,
382 3800 464 3864 quae
486 3781 704 3850 recenttssima
726 3781 821 3849 Nonll
843 3779 995 3865 editione,
1019 3779 1112 3848 euius
1134 3785 1276 3848 numeris
1299 3778 1433 3864 utimur,
1449 3783 1512 3850 all·

134 3907 140 3975 ι
189 3891 266 3974 quld
290 3899 418 3956 traxere
441 3887 533 3955 lueis.

135 3989 139 4049 l
254 3992 405 4062 Ceterum
429 4013 501 4061 eunt
525 3999 566 4062 de
588 3997 820 4080 plerarumque
850 3990 1096 4079 tragoediarum
1129 3990 1291 4061 nonsatis
1317 4003 1437 4060 constet
1458 4012 1511 4059 ar·

135 4064 141 4185 {
188 4113 339 4185 gennente
363 4104 529 4183 multoque
552 4099 658 4168 minus
681 4108 779 4183 posslt
811 4103 962 4178 tudlcarl,
987 4116 1060 4180 quo
1092 4117 1200 4165 rerum
1235 4096 1348 4167 ordine
1382 4095 1511 4163 iunctae

135 4189 145 4339 Ξ
188 4222 289 4291 quove
311 4200 464 4286 temporis
486 4201 660 4273 intervallo
692 4202 758 4272 sint
779 4201 972 4289 compositae
1008 4201 1100 4286 illae,
1125 4221 1208 4286 quae
1230 4199 1266 4270 in
1288 4199 1432 4271 eiusdem
1454 4207 1510 4272 do·
1567 4227 1570 4243 ·

135 4342 141 4381 ι
187 4330 260 4379 mus
281 4319 346 4378 stre
369 4314 487 4394 popull,
512 4321 549 4378 ut
570 4322 650 4394 puta
671 4310 900 4397 Pelopidarum
930 4313 984 4378 rel
1004 4307 1232 4394 Troianorum,
1261 4317 1359 4377 rarlls
1380 4329 1512 4378 versan-

136 4384 143 4499 ξ
181 4423 243 4504 ιιι·
264 4413 393 4501 fabulis
416 4433 472 4483 nos
493 4418 659 4499 alphabett
681 4437 791 4485 sumus
812 4414 956 4485 ordinem
977 4422 1121 4484 secuturt
1143 4411 1179 4481 in
1194 4417 1373 4484 tractandis
1393 4411 1513 4484 mul·

135 4502 149 4693 Ξ
186 4524 293 4607 nibus,
316 4533 547 4608 praeterquam
570 4520 627 4589 ubi
650 4527 799 4591 mutandi
819 4520 949 4602 consilii
971 4518 1117 4590 certain
1140 4525 1311 4606 propemb
1331 4530 1392 4609 ¹ost
1414 4519 1508 4601 ratio,

136 4700 145 4839 Ξ
186 4637 270 4700 deut
291 4639 399 4700 statlm
426 4628 461 4700 in
483 4625 703 4714 sequentibus.

1389 4769 1402 4823 l
