3324 5212
687 340 891 412 ..56-

764 542 829 609 heu
851 541 888 624 ii.
912 542 1015 626 heus),
1042 501 1211 613 Mulciberi

345 668 403 716 cur
426 659 482 715 tua
506 666 598 715 arma
621 653 739 732 ignaro
763 656 882 716 invicta
914 667 948 716 es
970 649 1146 716 fabricatus
1169 653 1284 716 manu?

202 774 395 857 Baccanae
416 777 501 859 apud
526 773 724 843 Macrobium
748 774 805 854 Vl,
830 784 859 854 d,
889 779 1089 862 lleguutur
1113 795 1206 842 versu
1228 793 1353 857 maneo,
1376 793 1453 856 sup·

138 884 220 965 pleri
243 885 352 948 addito
379 901 453 961 ,eur
476 885 568 960 tua“;
592 884 646 946 ubi
675 885 766 962 ,tua“
787 891 928 963 pertinet
950 887 993 948 ad
1020 892 1169 965 ¹,manu·,
1196 870 1282 963 quod
1319 884 1451 950 verbum

137 995 188 1053 rix
212 996 316 1071 potest
336 1005 447 1054 carere
470 989 619 1070 epitheto.
642 987 706 1054 Pro
729 985 887 1057 trimetris
926 999 1032 1055 autem
1061 990 1205 1056 iambicis
1226 993 1325 1055 etiam
1347 995 1453 1071 potest

133 1102 240 1175 reponi
266 1103 460 1160 octonarius.
856 1109 859 1114 ·

161 1247 163 1254 .
201 1200 354 1284 1111111
379 1202 564 1286 Euripidem
587 1200 835 1276 111111111111,
873 1208 909 1265 ut
932 1205 1068 1280 primum
1098 1203 1195 1269 1111
1220 1200 1359 1269 referret
1382 1201 1453 1268 Vli-

135 1326 202 1391 xes,
226 1311 430 1375 dissimulans
451 1311 573 1375 scilicet
594 1316 666 1391 quis
688 1318 785 1389 esset,
810 1305 927 1376 deinde
941 1309 1071 1374 illectus
1094 1307 1275 1376 Philocteta
1305 1315 1452 1375 miserias

136 1433 210 1481 suas
232 1419 398 1498 panderet.
422 1413 474 1482 di.
499 1414 652 1483 Ribbeck.
679 1420 743 1485 386
767 1433 815 1497 sq.
1244 1405 1246 1410 ’

201 1520 266 1586 Iam
290 1521 476 1601 Euripides,
499 1538 566 1602 qua
588 1529 660 1585 erat
684 1520 882 1587 fecunditate
906 1537 1005 1586 verae
1029 1524 1072 1585 ad
1088 1523 1286 1605 'reperiendo
1305 1538 1355 1600 ca,
1370 1534 1461 1610 quae·

134 1632 336 1694 conuenirent
359 1626 560 1693 altercationi
582 1627 741 1694 rhetorica
761 1627 997 1708 sophisticaque
1021 1634 1092 1693 arte
1118 1629 1333 1707 exornandae,
1357 1642 1452 1709 prae·

135 1738 187 1796 ter
209 1730 408 1797 Graecorum
441 1734 537 1797 etiam
575 1729 785 1796 Troianorum
819 1736 992 1797 induxerat
1027 1734 1153 1816 legatos
1175 1736 1218 1798 ad
1240 1731 1452 1807 Philocteteo,

136 1845 191 1920 qni
213 1841 417 1921 amplissimis
439 1845 603 1920 promissis
626 1840 771 1919 adeoque
795 1856 897 1923 regno
921 1840 1028 1905 oblato
1051 1845 1082 1904 in
1107 1847 1216 1919 partes
1238 1840 1453 1920 perducerent

135 1961 223 2015 eum,
247 1947 316 2009 siae
337 1952 428 2008 euius
451 1941 580 2025 sagittis
617 1944 715 2009 Troia
752 1941 934 2025 expugnari
957 1962 1018 2009 non
1042 1954 1156 2028 posset.
1189 1945 1296 2022 Atque
1323 1942 1380 2006 hoc
1404 1942 1453 2005 in-

135 2057 229 2114 rento
253 2044 387 2115 Accium
411 2067 501 2114 usum
524 2052 743 2114 demonstrant
765 2051 878 2115 rerba:

280 2171 284 2181 ’
347 2185 551 2274 ..Phrygiam
577 2187 646 2254 miii
669 2206 754 2255 moro
776 2205 845 2255 esse
883 2193 987 2256 animo
1011 2184 1139 2254 11111111
1163 2182 1344 2257 Graeciam.

203 2333 422 2416 Supplendum
446 2344 482 2398 ut
504 2344 582 2416 puta
610 2333 730 2412 ,dicad
757 2333 806 2398 rel
833 2333 977 2416 ,nosce⁸.
1002 2333 1108 2399 Fuere
1131 2333 1187 2397 illa
1214 2338 1351 2398 oratoris
1372 2330 1461 2413 'iru-¹

137 2443 213 2522 lani,
236 2448 292 2523 qui
316 2440 496 2508 bouereset
520 2445 672 2524 praemia,
697 2443 813 2523 quibus
837 2442 1010 2524 populares
1032 2443 1227 2508 cumulaturi
1248 2449 1354 2504 esseut
1377 2429 1466 2502 Phi·'

135 2548 285 2618 11111111,
310 2556 511 2626 compararet
532 2565 604 2610 eum
626 2545 822 2612 Graecorum
846 2545 1049 2616 crudelitate,
1074 2546 1131 2624 qui
1155 2553 1279 2626 inopem
1304 2544 1453 2622 reliquis·

91 2658 95 2668 '
137 2661 209 2719 seut
223 2653 359 2721 Lemui.⁴

202 2763 268 2828 Iam
292 2779 363 2828 cum
385 2767 428 2825 sit
450 2762 618 2825 obscurum
642 2761 825 2836 admodum,
848 2760 881 2824 in
904 2758 1070 2840 Euripidis
1092 2762 1231 2822 camnine
1253 2756 1371 2838 quihus
1391 2755 1452 2818 riis

137 2870 417 2952 artibusque'eum
441 2866 553 2934 Vlixes
574 2884 645 2932 cum
670 2865 821 2931 Diomede
854 2867 1049 2932 adduxerint
1070 2864 1111 2930 ad
1134 2880 1251 2929 morem
1272 2862 1451 2945 gerendum

138 2973 280 3051 Graecis,
305 2973 449 3042 nonnihil
486 2957 646 3038 adfertur
672 2971 765 3049 lucis,
789 2975 816 3035 11
839 2979 924 3036 recte
947 2977 1131 3035 statuerunt
1154 2970 1237 3033 11111
1260 2969 1308 3046 (11
1329 2974 1380 3031 est
1400 2983 1453 3030 res

137 3081 229 3144 11111
252 3075 442 3158 probabilia)
465 3095 506 3141 ex
529 3079 624 3140 huius
649 3077 826 3140 Philocteta
850 3083 966 3153 petitos
994 3093 1101 3139 versus
1124 3075 1211 3136 illos:

452 3210 527 3300 ὑπέρ
549 3237 585 3299 γι
609 3210 842 3296 pisteramoni:
868 3210 1025 3295 Ἑλλήνων
1047 3215 1171 3294 στρατοῦ
1281 3205 1289 3216 '

451 3317 573 3404 αἰσχρὸν
589 3327 714 3399 σιωπᾶν,
738 3318 900 3404 βαρβάρως
923 3320 949 3381 δ’
974 3316 1027 3380 ἐᾶν
1049 3315 1160 3399 λέγειν.

205 3461 285 3529 Nam
309 3463 390 3529 haec
412 3465 509 3529 rerba
533 3460 725 3530 facientibus
757 3465 841 3544 apud
872 3463 1071 3528 Philoctetam
1094 3459 1240 3524 Troianis
1261 3458 1303 3521 ah
1325 3474 1372 3537 eo,
1396 3462 1454 3536 qui
1505 3446 1506 3449 ’

141 3573 367 3637 adversaretur
389 3573 466 3652 illis,
488 3573 615 3654 prolata
645 3579 789 3653 apparet
826 3570 887 3650 Qui
912 3569 1040 3650 quidem
1073 3586 1136 3632 uon
1159 3571 1263 3647 potuit
1287 3579 1356 3629 esse
1378 3561 1455 3625 Phi·

143 3676 273 3758 loeteta,
298 3684 335 3742 ut
356 3685 470 3744 statuit
492 3677 693 3745 Ribbecliius.
717 3677 799 3741 Nam
822 3678 906 3758 quod
929 3672 1187 3757 (1111111111.
1213 3671 1262 3736 iii
1291 3675 1342 3748 35,
1361 3671 1452 3750 iil),

140 3777 197 3844 nbi
218 3789 328 3848 notum
353 3783 535 3849 Aristotelis
559 3791 661 3849 iocum
686 3781 799 3862 refert,
821 3782 933 3848 scribit
954 3781 1044 3869 haec:
1072 3796 1279 3863 ,uersumque
1294 3778 1453 3858 quendam

141 3886 337 3956 Philoctetae
358 3892 456 3973 paulo
478 3907 571 3956 secus
593 3892 691 3955 dixit·
717 3897 783 3955 sire
803 3898 851 3956 sic
874 3890 1003 3973 legeris,
1027 3898 1064 3952 ut
1086 3904 1186 3970 supra
1207 3893 1373 3966 seriptum,
1388 3889 1454 3947 sire

141 4001 178 4057 ut
198 3995 273 4059 aliis
294 3996 397 4075 piacet
424 3996 481 4076 ,de
503 3992 715 4077 Philocteta·,
739 4013 803 4061 uon
834 4000 991 4061 homiuem
1023 3992 1199 4078 significari
1230 3987 1453 4071 apparatam

141 4117 279 4169 carmen.
303 4100 395 4184 Quod
418 4104 517 4168 etiam
549 4101 756 4167 confirmatur
783 4102 971 4183 Quintiliani
989 4103 1094 4168 verhis
1117 4099 1189 4177 illi,
1217 4103 1245 4176 i,
1261 4097 1325 4177 141,
1348 4113 1369 4161 1
1390 4112 1455 4175 quo

141 4210 314 4286 respicitur
336 4200 498 4271 Ciceronis
520 4207 619 4271 loeus.
644 4205 727 4270 Nam
749 4185 816 4270 eius
837 4216 913 4270 sunt
934 4205 1023 4271 haec:
1040 4205 1455 4295 ,Aristoteles-numqui·

141 4311 213 4376 dem
236 4294 301 4388 illo,
324 4319 361 4378 ut
382 4313 534 4390 traditur,
557 4328 650 4377 versu
673 4329 711 4376 ex
735 4312 915 4378 Philocteta
936 4311 1121 4390 frequenter
1143 4311 1251 4375 usus·.
1274 4307 1381 4390 Igitur
1396 4316 1456 4370 aut

143 4432 257 4482 manea
277 4414 440 4484 ciceronis
462 4418 561 4483 rerba
583 4426 617 4482 11
639 4417 754 4484 hausta
776 4426 848 4499 post
877 4415 1112 4499 ,Philoctetee“
1140 4415 1230 4480 velut
1251 4414 1343 4480 haec:
1372 4416 1455 4495 ,quo

144 4521 252 4590 Vlixes
273 4523 346 4603 ivel,
365 4519 586 4604 ,Diomedee‘l
610 4542 686 4589 usus
699 4524 777 4598 est.“
791 4531 858 4598 aut,
874 4525 960 4602 quod
981 4531 1085 4588 minus
1098 4526 1216 4604 placet,
1237 4529 1270 4586 tu
1293 4528 1456 4616 monenti·
