3324 5212
740 309 950 373 ...42-

190 517 252 582 lem
273 513 401 579 frenare
422 506 829 588 dracones-ltaquecum
841 505 960 572 Graeci
982 514 1106 588 pactum
1129 511 1263 568 inissent
1285 521 1358 568 cum
1379 501 1507 567 Colchis
1602 504 1606 599 ξ

189 621 256 698 hoo,
278 630 316 686 ut
337 626 461 686 serrato
499 616 618 682 vellere
650 615 826 681 redderent
863 612 1021 691 Medeam,
1043 617 1072 678 si
1094 595 1125 676 id
1149 607 1275 695 Scythis
1297 610 1411 677 accolis
1434 608 1506 692 pla·
1541 677 1544 681 ,
1598 616 1607 698 3

189 725 316 804 auisset,
339 725 417 790 haec
440 716 707 788 obtestationibus
744 717 1068 800 execrationibusque
1115 713 1317 802 gravissimis
1347 732 1507 801 aggressa
1603 734 1608 803 ;

188 838 239 901 est
259 832 413 898 Iasonem.
436 827 517 895 Nam
540 830 583 918 ad
606 821 853 910 imprecationes
890 822 961 894 eius
984 821 1135 894 ridentur
1156 819 1322 906 pertinere
1346 823 1426 892 haec
1447 820 1506 904 ici.

187 937 285 1003 Ribb.
309 954 340 1018 p.
364 938 453 1011 belii:

398 1060 474 1126 exul
495 1066 580 1125 inter
601 1054 712 1140 hostis,
735 1075 843 1140 orpes,
865 1075 992 1139 expers,
1014 1060 1172 1140 desertus,
1196 1075 1308 1142 vagus.

105 1274 111 1281 .
253 1195 430 1285 Purgantis
467 1218 502 1268 se
524 1199 645 1267 Iasonis
668 1209 701 1266 et
739 1196 849 1266 uxoris
886 1195 1009 1266 animos
1046 1195 1199 1266 lenientis
1236 1199 1316 1266 baec
1349 1207 1428 1282 puto
1455 1197 1506 1266 lu·
1603 1186 1611 1295 ζ

189 1325 263 1375 asser

292 1427 349 1513 qui
372 1426 456 1512 potis
478 1439 526 1497 cst
548 1427 656 1496 relelli
678 1426 860 1514 quisquam,
884 1427 941 1496 ubi
968 1432 1093 1496 nullust
1115 1425 1272 1497 causandi
1294 1429 1400 1497 locusl

256 1570 401 1655 Denique
423 1590 493 1639 curn
516 1575 637 1655 duplex
658 1583 742 1641 esset
764 1573 850 1639 ianne
873 1571 1017 1658 defuga
1040 1573 1187 1659 Medeae,
1211 1575 1329 1672 altera,
1352 1590 1417 1655 qun
1438 1570 1506 1640 dis·
1606 1570 1612 1611 ²

187 1674 282 1744 sectis
303 1695 342 1745 ac
364 1674 517 1762 dispersis
539 1675 668 1764 Apsyrti
692 1676 774 1761 (sire
798 1677 931 1765 Axyrti)
953 1677 1068 1745 fratris
1100 1681 1240 1746 artubus
1263 1677 1432 1747 dicebatur
1455 1699 1506 1748 ro·
1613 1684 1619 1707 ¹

1619 1724 1625 1781 'l

156 1797 158 1801 ’
187 1792 312 1850 morata
333 1802 403 1850 esse
425 1780 580 1850 instantes
611 1785 753 1863 Colchos,
776 1788 894 1861 altera.
928 1788 1152 1867 quaerundum
1175 1782 1343 1864 (sirealio
1366 1783 1507 1852 luitno·
1618 1794 1622 1855 ἒ

188 1884 287 1970 mine)
310 1892 423 1957 ducem
437 1885 630 1960 colchomm
646 1897 862 1957 insecutorum
886 1888 1015 1957 insidiis
1037 1902 1166 1973 captum
1189 1909 1288 1971 opera
1309 1888 1434 1957 Iasonis
1456 1899 1506 1958 in·

187 1993 363 2075 concessa,
390 1995 516 2074 Accius,
540 1998 677 2064 tortasse
711 1997 876 2078 Sophoclis
915 2006 1042 2064 secutus
1065 1997 1211 2081 Scythas,
1235 2007 1409 2079 utramque
1432 2016 1505 2064 con·
1613 2012 1617 2028 ²

186 2099 292 2170 iunxit
314 2103 469 2172 fabulam.
493 2101 735 2182 contabescas,
761 2101 818 2187 qui
841 2102 971 2171 ridetur
997 2124 1071 2171 suos
1093 2101 1261 2171 comitatus
1283 2123 1363 2183 esse,
1388 2108 1446 2172 sed
1468 2117 1506 2171 ut
1545 2148 1552 2189 ,-

187 2205 275 2274 senio
297 2215 426 2274 coactus
448 2206 517 2274 filio
548 2214 719 2275 mandaret
753 2206 882 2289 imperii
921 2220 1082 2288 summam,
1105 2211 1184 2274 haec
1216 2208 1308 2274 lucre
1329 2207 1383 2290 ici
1406 2207 1505 2279 Ribb.
1632 2225 1634 2230 ·

234 2357 244 2378 .
278 2317 319 2377 63
356 2331 365 2378 a

186 2329 231 2396 ΡΒ
322 2315 355 2394 4)
395 2414 522 2498 pernici
544 2413 695 2483 orbfficor
719 2414 897 2483 pheroram
922 2417 987 2483 leto
1009 2426 1042 2483 et
1064 2413 1266 2483 tabidoablli.

252 2560 343 2640 Quae
366 2568 418 2624 rix
441 2557 540 2624 aliter
577 2557 641 2624 nisi
679 2563 862 2625 dominere
885 2534 1207 2626 acmaioreiratre
1244 2561 1388 2637 Medeae,
1412 2556 1506 2624 brari
1557 2534 1560 2540 ⁵

187 2656 358 2730 interuallo
382 2659 594 2746 interemptis,
607 2672 739 2745 possunt
762 2660 930 2746 explicari.

254 2768 367 2835 Verba
389 2770 522 2837 Medeae
545 2772 679 2836 iratrem
701 2768 855 2836 maiorem
878 2773 952 2835 dolo
966 2789 1185 2853 aggressurae
1200 2770 1292 2836 luero
1305 2772 1397 2836 haec:

291 2900 355 2972 nisi
376 2916 415 2971 ut
434 2912 507 2972 astu
528 2902 695 2990 ingenium
717 2900 834 2988 lingua
856 2906 964 2970 ludam
987 2914 1021 2970 et
1043 2900 1140 2970 dictis
1163 2906 1279 2971 lactem
1302 2901 1438 2972 lenibus.
1486 2935 1491 2970 ι
1614 2968 1617 2977 .

254 3044 398 3128 Namque
421 3041 469 3111 ita
484 3052 570 3109 inter
585 3042 730 3111 Iasonem
742 3055 775 3111 et
789 3046 934 3111 Medeam
950 3040 1106 3121 convenit,
1118 3054 1154 3107 ut
1165 3045 1367 3111 haccduccm
1375 3041 1505 3111 Colcho-

187 3168 259 3216 rum
269 3168 325 3231 spe
337 3153 549 3231 recuperandi
570 3146 672 3230 ipsam
695 3170 766 3216 cum
789 3153 908 3216 vellere
929 3145 1141 3230 illaqueatum
1163 3146 1197 3214 in
1221 3153 1324 3215 locum
1345 3147 1512 3216 secretum
1615 3204 1619 3239 :

189 3255 344 3326 alliceret.
381 3251 438 3321 ille
473 3255 682 3323 obtruncaret
719 3251 893 3333 incautum,
917 3272 980 3336 quo
1002 3251 1114 3321 Colchi
1146 3249 1255 3320 orbati
1286 3262 1411 3321 rectore
1439 3257 1505 3321 dis·
1567 3264 1573 3275 ‘

153 3415 156 3420 .
189 3362 351 3426 cederent.

254 3461 399 3546 Denique
422 3467 464 3529 ad
488 3468 610 3530 Aeetae
632 3476 749 3530 sortem
772 3463 908 3546 primum
947 3464 1074 3542 Medea,
1099 3473 1177 3539 tum,
1199 3483 1271 3528 oum
1293 3465 1377 3529 hanc
1409 3481 1506 3530 recu·
1613 3516 1621 3561 :

188 3577 361 3650 paraturus
383 3565 448 3633 iam
470 3565 647 3652 rideretur,
669 3567 759 3650 prius
790 3567 926 3646 minore,
960 3565 1034 3633 dein
1066 3563 1187 3632 maiore
1209 3586 1248 3632 ex
1270 3566 1349 3634 filiis
1370 3563 1504 3649 spoliati
1616 3638 1619 3643 ,

189 3673 365 3756 orbamque
385 3670 503 3741 inituri
524 3683 686 3742 senectam
709 3676 858 3741 ridentur
880 3670 1074 3757 pertinuisse
1097 3669 1307 3754 anapaestico
1329 3673 1420 3740 baec:

700 3807 768 3872 fors
790 3803 975 3873 dominatur

505 3929 609 3995 neque
631 3910 679 3979 ris
701 3909 761 3979 ulli
783 3910 917 3996 propria
944 3909 977 3979 in
1001 3919 1110 3979 ultast.

653 4097 792 4168 xxxiii
825 4096 1040 4181 Melanippus.

254 4271 431 4356 Melanippi
454 4279 525 4356 (pro
548 4291 612 4357 quo
633 4291 728 4357 saepe
737 4279 771 4338 in
788 4269 955 4340 codicibus
965 4269 1120 4357 scriptum
1136 4273 1391 4359 ‚Menalippus“)
1413 4278 1500 4358 quod
1618 4233 1622 4243 ί

190 4378 291 4448 luerit
310 4391 545 4465 argumentum,
558 4399 619 4447 non
641 4377 721 4446 mibi
743 4377 848 4464 magis
869 4377 1024 4460 expedire
1046 4378 1139 4447 licuit
1161 4400 1257 4464 quam
1280 4379 1472 4449 Ribbcclrio.
1619 4398 1622 4407 ’

245 4486 290 4555 Et
311 4484 412 4556 Oenei
434 4484 563 4572 quidem
586 4505 638 4555 res
660 4493 818 4556 tractatas
841 4486 954 4555 fabula
977 4483 1037 4556 illa
1059 4490 1265 4557 demonstrat
1286 4507 1411 4557 vorsus:

1619 4502 1624 4585 ἐ
