3284 5136
454 702 544 772 xiii.
576 682 664 770 XIV.
694 704 926 773 Antenoridae.
955 701 1148 789 Deiphobus

211 910 427 977 Antenoridas
449 906 613 992 Sophoclis
636 905 734 976 luisse
758 908 900 976 fabulam
923 919 1059 978 constat.
1086 910 1149 979 Sed
1173 930 1331 994 quaenam
1357 921 1394 978 in
1433 887 1471 1001 aa
1578 870 1583 943 ἶ

144 1015 282 1085 tiliorum
308 1017 481 1082 Antenoris
521 1026 630 1098 partes
671 1014 792 1085 luerint
826 1020 921 1100 plane
948 1019 1114 1085 incertum.
1138 1019 1312 1086 Probabile
1340 1023 1469 1101 quidem
1569 1001 1584 1109 ¹}

138 1136 194 1192 ost
209 1127 382 1192 admodum
406 1126 491 1191 hane
514 1127 717 1210 tragoediam
739 1131 890 1208 spectari.
914 1145 988 1193 cum
1012 1136 1127 1192 narrat
1160 1127 1277 1193 Strabo
1300 1127 1382 1193 XIII
1409 1144 1466 1212 pg.
1576 1116 1585 1204 i

89 1287 92 1295 .
143 1235 206 1299 608
229 1227 284 1315 (oi.
308 1231 375 1298 Lir.
399 1230 495 1295 libi
531 1235 620 1311 init.)
660 1229 844 1313 Sophoclem
881 1231 1004 1298 referre
1037 1242 1134 1314 capta
1167 1233 1268 1299 Troia
1290 1251 1311 1299 a
1333 1231 1486 1298 Graecis
1576 1223 1586 1275 ‘-

138 1338 317 1421 panthema
338 1338 454 1421 pellem
488 1357 676 1421 suspensam
710 1339 891 1406 lusoribus
923 1341 1036 1405 domus
1068 1337 1254 1421 Antenoris,
1288 1356 1351 1422 quo
1373 1346 1485 1431 signo,
1584 1346 1586 1350 ’

139 1451 335 1525 servaretur,
358 1460 497 1525 eumque
520 1463 589 1510 omn
613 1445 725 1510 liberis
743 1445 989 1511 etHenetorum
1007 1446 1255 1529 reliquiisinam
1279 1450 1346 1510 dux
1361 1456 1470 1511 eorum
1583 1436 1586 1468 ³

144 1550 353 1635 Pylaemenes
375 1557 447 1617 erat
460 1550 662 1631 interiectum
686 1550 727 1618 ci.
749 1550 788 1618 Il.
812 1552 850 1626 V,
875 1558 939 1618 576
959 1570 1030 1634 sqq.
1052 1569 1125 1618 oum
1141 1556 1380 1619 commentariis
1395 1554 1473 1617 doc·
1584 1581 1588 1625 ς

137 1657 255 1740 torum)
277 1664 310 1721 in
332 1656 490 1739 Thracen,
515 1666 588 1741 post
610 1665 643 1725 in
666 1664 771 1724 sinum
804 1657 964 1725 Adriatici
999 1665 1100 1744 maris
1122 1657 1312 1740 confugisse.
1339 1656 1467 1740 Aqui·
1585 1659 1588 1727 ἑ
1624 1634 1627 1656 ¹

138 1761 196 1826 hus
216 1763 333 1829 deiude
356 1760 496 1830 Venetos
518 1762 698 1847 appellatos
721 1764 870 1847 frequens
892 1774 966 1832 orat
989 1769 1078 1848 apud
1103 1774 1228 1833 veteres
1266 1764 1363 1831 lama.
1398 1762 1460 1831 Sed
1514 1817 1516 1825 .
1585 1821 1589 1864 ξ
1620 1816 1625 1849 2

137 1867 258 1931 iteres
281 1885 341 1932 non
366 1875 472 1953 magis
495 1872 659 1953 expedita.
682 1868 784 1936 Porro
807 1878 961 1937 momoria
983 1872 1130 1955 dignum,
1156 1871 1240 1953 quod
1265 1869 1368 1936 tradit
1382 1869 1466 1935 var·
1620 1856 1627 1917 ²

137 1969 236 2053 gilius
258 1975 340 2043 den.
367 1976 420 2058 VI,
444 1983 569 2062 48311.
595 1979 813 2045 AntenorIdas
836 1987 902 2045 tres
927 1980 1012 2045 bello
1035 1979 1176 2045 Troiano
1198 1977 1393 2047 interlectos:
1408 1991 1472 2041 uec
1518 1960 1521 1969 ’
1586 2000 1590 2055 ·;
1621 1960 1627 1991 '

138 2084 245 2167 potest
268 2085 383 2166 negari
420 2100 505 2166 quae
543 2093 669 2150 restant
706 2084 892 2169 fragmenta
912 2083 1044 2150 fabulae
1083 2089 1242 2152 decianae
1265 2085 1463 2168 paucissima

138 2188 297 2258 bellorum
320 2199 428 2273 potius
450 2208 531 2271 quae
553 2191 671 2256 Troiae
694 2199 822 2256 ruinam
847 2208 1051 2273 praecessere
1073 2191 1236 2255 continere
1260 2185 1467 2255 memoriam.
1496 2239 1501 2245 .
1584 2180 1592 2271 ζ

138 2298 266 2367 Etenim
289 2306 360 2363 nori
382 2304 459 2364 coeli
481 2298 696 2364 Troianorum
734 2306 805 2381 post
828 2295 977 2365 Hectoris
1015 2299 1146 2363 caedem
1173 2299 1383 2362 adventantis
1408 2295 1475 2377 (in-

137 2414 262 2470 eertum
300 2413 408 2470 utrum
446 2405 670 2471 Penthesileae
708 2422 749 2470 an
786 2404 963 2474 Memnonis
1000 2421 1042 2469 an
1080 2403 1236 2485 Coroebi)
1274 2410 1392 2469 mentio
1431 2401 1471 2467 fit
1586 2402 1592 2485 3

139 2526 232 2575 versu
253 2509 321 2574 hoc·

299 2651 437 2714 namque
459 2636 539 2699 buce
562 2636 664 2712 venio,
687 2642 724 2697 ut
746 2652 819 2699 mea
841 2652 901 2714 ope
923 2650 1003 2714 opes
1023 2634 1142 2698 Troiae
1167 2640 1342 2714 integram.

208 2757 259 2825 ad
282 2757 367 2826 huuc
389 2760 546 2827 advenam
569 2761 656 2825 haud
682 2761 765 2825 nnalc
806 2754 938 2826 rettulit
968 2759 1167 2826 Ribbecliius
1189 2777 1300 2824 versus
1324 2774 1345 2822 a
1367 2755 1471 2823 Nonio
1550 2710 1553 2717 ·

142 2867 215 2940 eii,
240 2867 283 2931 20
305 2874 460 2944 serratos;
484 2864 600 2931 abici.
623 2863 888 2932 commentarium
920 2875 1076 2931 nostrum.
1101 2867 1154 2931 Ad
1176 2862 1336 2944 eolloana
1358 2871 1469 2928 autem
1587 2870 1594 2934 1

141 2986 214 3035 cam
236 2968 372 3036 Graecis
394 2973 435 3036 de
458 2989 535 3053 paee
556 2973 699 3037 ineunda
720 2980 841 3053 possint
868 2972 957 3035 trabi
980 2971 1049 3035 ilia:
1591 2968 1594 2979 ⁴

373 3187 375 3190 v
457 3096 499 3160 ad
524 3096 676 3177 populum
705 3095 863 3197 intellego

352 3200 570 3275 referundum.
593 3208 743 3283 quoniam
766 3204 879 3268 horum
901 3211 1049 3282 aequiter
1071 3196 1255 3267 sententiae

355 3305 455 3373 luere.

209 3424 272 3496 Vbi
294 3434 335 3496 de
359 3434 598 3497 adversantium
624 3434 958 3512 adstipulauttumque
976 3390 1060 3512 ¹paci
1083 3431 1263 3495 firmandae
1287 3403 1468 3512 principum
1593 3440 1623 3481 ι·

143 3531 357 3601 Troianorum
379 3537 664 3621 disceptationibus
687 3545 744 3623 agi
767 3555 829 3603 non
854 3536 1078 3620 improbabile.
1595 3528 1598 3547 '

210 3640 254 3708 bt
274 3650 377 3725 potuIt
399 3645 432 3710 in
455 3646 585 3710 consilio
605 3646 663 3710 illo
686 3652 743 3722 eis,
768 3641 825 3727 qui
848 3646 1068 3710 obtrectarent
1090 3638 1215 3709 foederi
1244 3639 1402 3719 feriendo,
1421 3647 1471 3704 te·
1528 3645 1529 3648 ’

125 3753 275 3814 ¹meritos
296 3746 493 3832 exprobrari
515 3746 574 3819 ita:

354 3870 489 3941 sortasse
511 3893 553 3941 au
575 3872 629 3947 sit.
653 3876 738 3957 quod
764 3892 816 3940 ros
839 3869 968 3938 hicnon
992 3879 1113 3939 mertet
1137 3879 1254 3937 metus.

208 3995 259 4064 ci.
284 4017 397 4065 comm.
420 4008 454 4067 in
477 4000 560 4067 Non.
588 4002 662 4083 138,
686 4004 741 4080 30;
769 4002 864 4067 Ribb.
894 4018 950 4083 pg.
969 3980 1054 4066 ¹408.

209 4107 278 4172 Iam
300 4123 373 4172 cum
396 4114 474 4172 satis
496 4117 617 4173 constet
639 4110 673 4171 in
689 4109 862 4188 tragoedia
884 4103 1050 4185 Sophoclis
1072 4109 1178 4182 ipsum
1207 4101 1325 4166 Troiae
1347 4111 1468 4168 tracta·
1594 4130 1627 4203 25:

145 4220 213 4279 tum
235 4219 382 4293 exitium,
404 4222 517 4279 contra
538 4216 627 4295 apud
638 4214 772 4278 hemum
787 4219 913 4278 certum
927 4217 972 4274 stt
987 4214 1133 4273 extltisse
1155 4215 1339 4274 memoriam
1358 4226 1469 4275 eorum
1594 4264 1605 4301 ·;
1622 4279 1627 4300 m

147 4335 227 4402 quaa
248 4319 357 4402 paullo
386 4328 463 4386 ante
486 4325 581 4404 gesta
603 4327 691 4401 sunt,
716 4332 820 4400 neque
843 4315 1013 4400 probabile
1036 4320 1080 4379 sit
1103 4320 1197 4378 unius
1219 4321 1371 4380 carminis
1392 4331 1469 4396 spa·
1601 4304 1627 4383 ,Γ

148 4428 193 4493 iio
214 4423 387 4509 utrumque
408 4435 549 4510 potuisse
578 4432 746 4504 contineri,
777 4430 917 4507 suspicio
938 4422 1042 4487 oritur
1078 4438 1141 4486 non
1164 4438 1205 4485 ex
1227 4419 1396 4503 Sophoclis
1418 4418 1468 4485 la·
1537 4429 1563 4484 .·

37 4611 39 4614 y
148 4533 227 4600 buia
259 4533 466 4615 repetendam
499 4534 686 4601 Accianum.
723 4530 826 4599 cuius
858 4537 1088 4614 argumentum
1124 4544 1189 4592 non
1211 4526 1470 4611 improbabiliter
1509 4566 1511 4573 ·
1600 4537 1627 4631 gl

148 4644 195 4706 tta
216 4635 365 4720 definias,
389 4645 428 4704 ut
448 4641 537 4706 dicas
559 4651 599 4707 ea
620 4639 720 4707 iuis-e
742 4645 914 4704 tractatum
937 4637 1110 4702 Antenoris
1132 4652 1204 4700 eum
1227 4632 1304 4698 liliis
1325 4633 1467 4698 stadium
