3284 5136
762 269 969 340 ..53-

126 484 131 562 3
203 479 388 541 narratione
410 471 663 540 luculentissima
695 471 834 556 (Metam.
869 473 927 555 vi,
952 477 1013 541 cei
1040 475 1138 559 sqq.),
1162 494 1182 541 a
1210 493 1276 559 qna
1297 472 1407 542 differt
1428 474 1527 559 pluri·

126 574 130 647 ῗ
206 583 269 646 bus
292 580 439 665 Hyginus
461 579 525 648 iub.
550 586 604 660 lb,
628 579 839 664 probabiliter
860 583 978 647 statuit
1002 583 1200 651 Welclrerus.

126 698 131 779 ξ
269 689 391 756 Tamen
414 689 543 755 dubites
567 690 646 768 iure,
669 707 711 754 en
734 688 823 754 nulla
860 689 945 772 apud
969 688 1154 775 Sophoclem
1192 693 1360 757 truncatae
1381 708 1404 757 a
1425 685 1526 758 'Pereo

126 784 131 873 ζ
202 795 336 882 linguae
373 796 491 862 sororis
528 794 665 861 Procnes
686 795 833 861 extiterit
871 799 999 863 mentio.
1025 795 1090 864 Nec
1123 794 1208 862 enim
1231 795 1424 879 persuadeto
1446 797 1525 863 mibi

126 891 131 899 ’
203 921 331 988 possum
355 902 547 972 Philomelae
570 905 602 971 in
626 903 819 971 carminibus
856 902 1018 989 Sophoclis
1044 911 1078 972 et
1101 906 1188 973 Aeoli
1211 923 1273 970 non
1294 901 1394 973 fuisse
1415 910 1527 989 partes

203 1011 265 1078 nisi
288 1017 388 1098 κωφοῦ
409 1007 687 1097 recederem-Et
709 1012 815 1096 potuit
836 1010 930 1080 lacile
960 1021 1158 1097 acquiescere
1178 1013 1230 1079 bis
1251 1017 1357 1096 poete,
1380 1016 1418 1077 ut
1439 1011 1526 1079 dioe-

205 1128 257 1187 ret
279 1119 367 1188 illam
391 1132 461 1205 post
483 1129 547 1186 viru
585 1121 711 1187 illatam
734 1139 755 1186 a
777 1120 890 1199 Tereo,
915 1138 954 1187 oe
978 1118 1145 1204 patefieret
1162 1118 1297 1202 lacinus,
1327 1127 1361 1187 in
1386 1118 1526 1187 'l'breola

126 1244 128 1256 ·
203 1225 340 1296 latebris
360 1228 499 1309 clausam
523 1233 556 1295 et
570 1245 667 1314 saepe
691 1231 796 1295 denuo
818 1231 1015 1312 stupratam.
1040 1224 1090 1299 cl.
1114 1227 1172 1296 Or.
1202 1230 1390 1295 oie-bei.
1503 1308 1506 1316 ⁴

126 1346 131 1359 “
271 1336 387 1417 Itaque
409 1335 491 1402 nihil
514 1337 636 1413 obstat,
662 1335 739 1418 quin
764 1334 834 1403 iila:
1119 1323 1123 1329 ’

363 1464 463 1543 etque
484 1459 518 1526 id
541 1477 600 1541 ego
622 1476 747 1544 semper
768 1460 815 1526 sio
838 1477 960 1526 mecum
983 1458 1071 1540 agito
1093 1469 1124 1526 ei
1148 1475 1298 1541 conpare,

362 1583 424 1648 quo
449 1572 541 1648 pacto
565 1584 715 1648 magnam
738 1567 851 1631 molem
875 1567 1016 1630 minum
1044 1567 1191 1630 miseriae
1213 1565 1287 1646 (om.
1309 1562 1397 1647 cdd.)

204 1704 226 1753 a
248 1686 424 1755 Philomela
446 1687 539 1754 initio
578 1685 707 1753 labulae
747 1690 877 1769 prolata
908 1687 1081 1766 existimes,
1113 1704 1176 1770 quo
1198 1683 1330 1753 consilia
1350 1702 1373 1750 a
1394 1702 1429 1752 se
1450 1684 1529 1751 iniri

127 1781 130 1815 ³
205 1797 442 1860 demonstraret
465 1793 633 1859 certiorem
655 1791 795 1859 faciendi
817 1796 859 1859 de
880 1794 976 1859 rebus
997 1792 1064 1858 suis
1092 1809 1238 1859 sororem.

274 1900 325 1966 hd
347 1899 451 1968 scelus
487 1899 581 1967 Terei
619 1905 778 1983 speciant,
810 1916 893 1983 qnae
931 1901 1080 1982 leguntur
1102 1915 1158 1982 ap.
1183 1896 1265 1963 lion.
1289 1913 1342 1981 pg.
1365 1900 1430 1962 ute
1453 1912 1482 1963 s.
1505 1895 1529 1962 l.

88 2026 89 2029 ’
127 1988 130 2029 ³
210 2011 387 2089 ,deponere
409 2017 459 2074 est
490 2007 699 2090 desperare‘.
742 2007 864 2087 Quibus
895 2005 1041 2072 Procnen
1077 2004 1202 2073 edoceri
1225 2023 1294 2087 per
1315 2009 1463 2071 nuntium
1487 2004 1529 2069 de

127 2096 133 2196 f
204 2111 378 2180 Philomela
400 2112 479 2180 satis
507 2124 654 2197 apparet.
1055 2131 1056 2134 ¹

127 2220 130 2310 J
272 2219 392 2284 Bacchi
415 2223 515 2285 sacris
551 2237 642 2285 usam
679 2218 823 2285 Procnen
845 2221 889 2285 ed
919 2221 1119 2285 revisendam
1156 2235 1303 2297 sororem
1347 2215 1432 2296 quod
1452 2210 1530 2278 Ovi·

126 2358 131 2421 3
205 2327 279 2393 dius
300 2309 433 2408 adserit
468 2330 669 2394 demonstrat
704 2346 813 2394 versus
842 2332 885 2392 ad
909 2327 998 2393 iilam
1020 2326 1232 2404 dubitantem
1255 2341 1317 2407 quo
1340 2322 1433 2388 modo
1453 2337 1529 2404 per·
1617 2410 1623 2421 .

125 2468 128 2503 2
206 2428 317 2498 ficeret
338 2440 461 2514 coepte,
484 2436 592 2499 datus:

364 2557 458 2623 deum
481 2556 681 2643 Cudmigene
705 2570 815 2625 natum
838 2558 965 2625 Semele
988 2554 1103 2623 adiere
1124 2560 1159 2622 et
1179 2553 1373 2621 iamrdeuter
1393 2558 1480 2638 pete.

127 2642 153 2780 ἵ,
273 2677 394 2756 Quibus
416 2681 545 2746 iubetur
568 2681 726 2749 Bacchum
752 2699 866 2762 rogare
888 2680 1048 2760 auxilium3
1074 2679 1118 2747 el.
1141 2679 1224 2745 Non.
1250 2682 1327 2759 463,
1351 2684 1404 2747 et.

127 2787 131 2799 '
274 2784 324 2847 lbi
346 2787 444 2849 etiem
467 2777 499 2850 i'n
522 2788 650 2853 leudem
674 2791 726 2853 dei
745 2788 918 2868 matrisque
936 2788 1006 2851 eius
1028 2789 1136 2867 posita
1157 2786 1309 2850 ridentur
1330 2782 1419 2850 baeer

364 2905 514 2975 feminam
539 2911 693 2976 nobilitas
717 2913 783 2977 iate
805 2927 844 2975 er
867 2910 968 2992 stirpe
990 2907 1155 2991 praeclara
1180 2912 1314 2990 erogem

166 3126 168 3130 Ι
206 3030 228 3096 1.
251 3048 281 3095 e.
311 3030 463 3114 ,feminee
485 3042 602 3099 sortem
626 3036 763 3099 mulium
786 3036 947 3110 excedit‘3
971 3031 1014 3098 ci.
1040 3050 1152 3098 comm
1175 3040 1209 3097 in
1231 3031 1313 3097 Non.
1336 3035 1413 3106 tot,
1439 3034 1493 3097 ed.

126 3167 132 3247 g
160 3222 162 3224 ,
276 3137 328 3203 hd
350 3145 513 3222 receptam
534 3144 608 3222 post
628 3144 738 3207 tantos
760 3157 855 3208 casus
878 3138 1088 3206 Philomelam
1110 3136 1274 3222 pertinere
1294 3143 1372 3222 puto
1395 3133 1487 3203 haee:

630 3284 649 3328 o
671 3266 803 3330 suarem
825 3264 953 3347 linguae
974 3263 1125 3329 sonitum!
1148 3261 1286 3328 dulcitas

127 3444 130 3455 ,
418 3379 582 3453 conspirat
602 3374 741 3454 animem

127 3516 130 3579 ς
207 3492 265 3557 ubi
291 3493 486 3576 ‚conspiras
513 3493 594 3560 idem
617 3494 701 3576 quod
728 3500 930 3579 Neongruit⁸

127 3606 130 3634 ³
276 3601 343 3665 lem
384 3605 555 3682 antequam
592 3601 745 3668 ultionem
776 3606 988 3685 perpetraret,
1026 3600 1207 3665 diverbium
1241 3596 1420 3664 instituisse
1453 3612 1528 3664 cnut

184 3703 345 3781 ,coniuue
367 3701 520 3784 Procnen,
559 3707 645 3774 sicut
680 3706 766 3789 apud
801 3705 973 3775 Pacuvium
995 3703 1071 3772 iecit
1091 3703 1194 3770 Iliona
1213 3706 1286 3786 post
1306 3699 1405 3767 lilium
1430 3700 1528 3786 Poly·
1620 3756 1624 3765 .

125 3838 130 3887 ε,
208 3808 357 3874 mestoris
377 3812 499 3874 scelere
520 3811 759 3887 obtruncatum,
782 3813 953 3876 declarant
983 3812 1056 3874 ilia:

420 3932 513 3997 video
535 3948 597 4016 ego
621 3941 664 4013 te,
686 3933 815 4012 mulier,
839 3949 927 3998 more
955 3907 1131 3997 multarum
1155 3931 1249 4014 utier,

420 4045 458 4104 ut
479 4041 543 4104 uim
567 4042 743 4104 contendas
765 4044 854 4102 tuam
886 4041 930 4102 sd
953 4044 1154 4102 maiestatem
1176 4044 1247 4114 rire

209 4165 272 4226 nisi
295 4159 375 4226 liaeo
395 4164 438 4226 eb
458 4163 560 4230 amico
582 4158 677 4228 Terei
697 4161 785 4230 dicte
821 4161 1016 4229 existimaris
1051 4164 1093 4228 ad
1116 4162 1341 4227 deterrendum
1373 4171 1457 4238 earn;
1481 4154 1548 4224 ol(

127 4245 131 4333 ἶ
209 4263 306 4334 Ribb.
328 4281 385 4348 pp.
410 4269 473 4331 680
495 4283 542 4349 sq.
918 4300 920 4305 ,

127 4358 132 4450 ἶ
277 4371 514 4439 Immenitntem
535 4372 694 4441 Thracum
731 4373 913 4459 perstringi
935 4389 956 4440 a
978 4371 1099 4440 Procne
1135 4387 1238 4454 euque
1264 4376 1427 4456 proprium
1446 4367 1530 4438 inci·
1564 4406 1567 4412 ·

212 4479 274 4544 nus
294 4481 440 4545 mensuri
461 4484 597 4562 apparet
620 4479 678 4545 hoo
700 4497 794 4545 rersn
809 4476 867 4563 (cl.
887 4478 987 4545 Ribh
1011 4494 1068 4562 pg.
1093 4479 1183 4558 oeni:
1231 4484 1236 4495 '
