3284 5136
183 671 403 760 Chrysippum,
426 668 554 755 Pelopis
584 691 624 739 er
645 673 766 756 paelice
797 685 921 747 natum.
945 691 1018 738 oum
1054 667 1276 754 praeferretur
1295 687 1317 736 a
1338 678 1434 751 patre

118 779 195 849 filiis
219 778 382 863 legitimis,
405 776 640 861 Hippodamiae
664 797 822 845 norereee
842 798 941 862 opera
962 780 1006 844 ab
1028 779 1127 842 Atreo
1152 789 1187 842 ot
1207 777 1345 860 Thyeste
1366 778 1431 856 rel,
1512 774 1518 811 ²

119 884 236 953 utalii
259 884 414 964 terebant,
437 886 572 969 abipsa
594 882 811 969 Hippodamia
834 883 1048 964 interfectum,
1071 884 1284 950 hanoautem
1315 897 1433 967 poenas
1511 942 1517 950 .

119 996 308 1076 pependisse
331 992 452 1074 fiagitii
474 989 561 1056 fama
582 988 655 1056 init.
681 989 731 1059 cf.
756 988 851 1060 itino.
878 1009 934 1074 pg.
958 997 1023 1056 itt
1047 1009 1098 1071 sq.

184 1099 261 1164 Fuit
282 1099 447 1182 Euripidis
469 1096 676 1182 Chrysippus,
697 1105 730 1163 in
753 1115 816 1178 quo
837 1092 924 1178 Laii,
946 1103 1101 1164 amatoris
1122 1094 1303 1181 Chrysippi,
1324 1105 1435 1178 partes

120 1203 211 1274 fuere
233 1221 382 1289 magnae.
405 1205 503 1270 Porro
524 1213 686 1270 serratum
718 1222 758 1269 en
788 1221 827 1269 eo
843 1211 987 1270 ear-mino
1008 1202 1225 1287 fragmentum
1248 1205 1434 1268 luculentis·
1514 1189 1519 1197 ¹

120 1320 246 1392 simunt,
269 1316 310 1382 de
331 1331 394 1396 quo
415 1315 457 1379 ad
480 1311 608 1379 Pacuvii
630 1309 773 1398 chrysen
796 1315 956 1396 quaedam
979 1313 1065 1378 dieta
1087 1328 1108 1378 a
1130 1312 1232 1377 nobis
1269 1311 1358 1393 Quae
1381 1327 1433 1376 re·

121 1427 216 1498 sient,
239 1427 277 1482 ut
299 1422 491 1500 pierumque
512 1428 546 1484 in
571 1427 689 1485 mancis
719 1417 889 1500 Euripidis
922 1419 1110 1501 tragoediis,
1135 1418 1286 1482 maiorem
1309 1424 1434 1495 partem

120 1531 282 1590 continent
303 1531 480 1591 sententias
502 1527 544 1591 ad
567 1533 667 1592 utam
690 1528 867 1610 regendam
890 1527 996 1601 utiles,
1020 1543 1082 1589 non
1104 1541 1156 1594 ea.
1180 1541 1222 1589 en
1244 1523 1364 1603 quibus
1386 1519 1436 1587 ia·

123 1631 218 1695 bulte
239 1632 394 1695 decursus
416 1639 515 1711 possit
551 1639 692 1713 agnoset
730 1631 842 1711 Neque
864 1648 904 1696 er
930 1633 1016 1696 ioco
1036 1637 1192 1710 carmine,
1213 1635 1266 1693 eni
1287 1628 1435 1708 exemplo

122 1730 221 1800 fuisse
243 1731 429 1818 Euripidem
451 1743 530 1803 satis
551 1738 727 1819 probabile,
749 1739 851 1803 multa
874 1745 1007 1818 possunt
1027 1737 1153 1810 dedunt,
1175 1752 1260 1816 quae
1280 1735 1323 1799 ad
1344 1733 1434 1798 filum

123 1841 211 1903 velut
232 1856 341 1905 rerum
362 1847 507 1906 aeterum
530 1845 816 1926 redintegrandum
839 1840 968 1908 fumant
999 1843 1131 1906 Aooedit
1160 1842 1246 1921 quod
1269 1837 1436 1922 fragmen·

122 1951 227 2010 torum
251 1953 402 2028 quinque,
424 1965 508 2029 quae
527 1956 650 2022 entant.
673 1965 747 2029 pars
769 1957 921 2033 corrupta
941 1954 1086 2031 granius.
1109 1948 1199 2030 Quae
1221 1943 1352 2029 quidem
1371 1962 1435 2029 ego
1457 2031 1460 2035 .
1518 2008 1521 2013 .

122 2056 169 2114 sie
189 2057 336 2114 existimo
356 2054 554 2132 disponenda
574 2063 609 2117 ot
629 2055 832 2134 explicanda:
1507 2064 1513 2076 ·

761 2210 787 2277 t

229 2368 304 2435 huie
324 2386 403 2450 qum
433 2365 609 2450 superescit
631 2367 780 2450 Spartam
802 2379 902 2451 atque
922 2371 1072 2454 Amyclas
1094 2372 1191 2436 trado
1212 2388 1285 2455 ego.
1517 2430 1520 2435 .

189 2469 298 2537 Verba
318 2469 447 2554 Pelopis
477 2475 517 2537 de
548 2466 722 2557 Ohumppo
758 2475 845 2540 haud
881 2481 1003 2558 exigna
1034 2474 1241 2555 Peloponnesi
1264 2481 1358 2556 parte
1378 2476 1437 2539 do·

22 2670 25 2674 Α
124 2577 241 2644 nando.
265 2576 330 2644 Pro
354 2572 446 2660 ‚huin
468 2585 564 2660 qum·
589 2581 639 2648 ed.
663 2578 751 2646 Festi
774 2598 832 2665 pg.
857 2581 920 2648 302
943 2600 971 2648 s.
993 2582 1016 2650 i.
1031 2589 1210 2663 superescit
1221 2581 1322 2648 hibet
1339 2587 1436 2662 ,quin
1517 2632 1523 2693 3

124 2683 229 2761 hine⁸;
253 2690 285 2748 in
306 2686 415 2750 eodem
437 2685 587 2749 omissum
608 2690 723 2767 ,εμπ
748 2681 883 2766 ideoque
921 2689 1084 2766 ‚tradibo'‘
1118 2687 1325 2766 moneamus,
1352 2693 1438 2769 ,tra-

19 2864 25 2877 ,
125 2789 216 2856 dam·
247 2788 494 2859 Lindemannus.

763 2912 807 2978 IL

542 3055 773 3119 aetemebilem

334 3160 368 3224 dt
390 3165 513 3225 utinam
535 3175 648 3241 paoem
670 3155 844 3243 partiminii

190 3278 301 3347 Verba
323 3277 452 3364 Pelopis
484 3284 526 3346 ad
548 3278 748 3349 eoncordiam
780 3279 940 3348 uertentis
973 3302 1109 3350 suos-
1127 3303 1186 3367 pro
1212 3288 1265 3369 ,di
1288 3282 1433 3353 utinam·

127 3387 198 3455 odd.
222 3387 342 3490 habent
369 3382 565 3469 ¹‚divitiam⁸;
587 3388 631 3452 ab
652 3390 754 3454 isdem
776 3392 871 3455 abest
896 3391 1055 3471 ‚paeem⁸.

756 3547 817 3613 111.

232 3705 347 3767 meiius
369 3709 527 3785 pignosa,
539 3698 692 3782 qnoniam
715 3703 790 3780 (reiz
814 3703 955 3784 quando)
978 3719 1167 3786 properasse
1189 3715 1238 3773 est
1253 3705 1356 3775 netas.

193 3805 302 3874 Verba
324 3804 416 3872 Atrei
437 3815 470 3872 et
491 3807 650 3891 Thyestae
671 3816 759 3874 metu
781 3810 883 3891 patris
914 3807 1161 3893 Hippodamiam
1181 3831 1204 3878 a
1225 3808 1438 3881 calidioribus
1516 3822 1524 3889 t

128 3919 343 3979 revocantium
364 3913 515 3980 masiliis.
1521 3916 1523 3923 '

756 4057 816 4122 it.

138 4180 142 4185 ⁴
238 4196 332 4277 ,quid
363 4179 476 4276 egam?
498 4209 558 4256 ron
581 4192 684 4256 illinet
705 4193 973 4274 eerte⁸.-·‚idem
994 4213 1102 4259 omnes
1123 4205 1312 4263 nemimns‘.

195 4294 304 4364 Verba
326 4292 465 4379 Pelopis,
486 4298 563 4361 dum
600 4298 762 4367 silvestria
798 4308 955 4384 peragrat
985 4319 1059 4369 enm
1080 4310 1147 4370 suis
1176 4308 1253 4386 lone,
1275 4301 1441 4372 audientis

127 4417 235 4471 rooem
257 4400 425 4488 chrysippi
446 4402 559 4469 subitis
580 4405 705 4470 insidiis
725 4412 876 4489 oppressi.
