3284 5136
783 337 992 408 -29..

147 481 157 619 ξΙ
292 538 406 619 Neque
429 539 583 604 abhorret
614 558 635 605 a
667 536 898 621 probabilitate
924 547 958 606 in
992 541 1258 607 ultimooarmine
1285 542 1424 607 numinis
1446 543 1548 610 inter·

146 654 150 739 j
225 649 320 710 rentn
343 649 377 709 et
400 644 580 712 Alcmeonis
600 641 777 726 fratrisque
801 644 1007 727 Amphilochi
1030 645 1246 713 dubitationes
1269 653 1370 714 rictas
1398 654 1432 713 et
1453 665 1549 730 expe·

146 746 149 833 f
224 748 354 814 ditionis
376 751 554 814 secundum
592 757 714 814 exitum
746 753 942 832 caedemque
977 751 1155 836 Eriphylae
1189 747 1369 834 praedicta.
1402 751 1549 833 Quodsi

221 863 269 921 tta
290 853 363 932 luit,
404 856 587 936 comparari
620 864 722 941 potest
756 855 829 924 linis
867 860 1056 941 tragoediae
1094 875 1167 925 cum
1191 857 1392 925 Philoctetae
1414 860 1549 942 perinde

144 962 153 996 ·‘
223 959 429 1044 Sophocleee.
598 975 599 978 ’

142 1088 156 1133 ε,
288 1062 369 1132 nuit
390 1076 499 1133 autem
522 1087 617 1135 seona
647 1069 757 1152 Argis:

328 1217 414 1300 apud
437 1215 655 1281 abundantem
677 1214 843 1295 antiquam
870 1211 907 1298 (i.
935 1210 1106 1300 Argiuam)
1128 1231 1255 1280 amnem
1278 1221 1314 1279 et
1336 1207 1469 1296 rapidas

1057 1408 1062 1418 ι
1138 1321 1241 1384 undas
1264 1314 1385 1384 Inachi.

196 1435 225 1545 ,Ι
287 1465 392 1544 Prope
416 1463 529 1526 urbem
553 1467 659 1525 castra
692 1469 786 1525 erant
815 1468 922 1542 posita
951 1463 1079 1543 ducum,
1118 1464 1202 1526 unde
1239 1458 1373 1543 proiecti
1396 1460 1548 1540 precibus
1610 1478 1617 1486 ·

139 1566 144 1643 ζ
220 1567 408 1632 ambiebant
446 1565 661 1630 niemeonem.
694 1563 775 1628 Cum
807 1582 871 1644 qno
908 1565 1005 1648 longo
1037 1573 1146 1629 actum
1170 1567 1325 1640 diverbia,
1348 1570 1548 1644 septenariis

138 1687 143 1751 ξ
221 1675 397 1740 trochaicis.

139 1758 143 1797 ¹
287 1779 393 1864 igitur
417 1795 499 1841 nnus
532 1793 572 1841 ex
606 1780 662 1852 eis,
685 1773 911 1841 Thersandrus
950 1770 1545 1859 hauddubie,1’olpnicislilins(oi.
1636 1781 1640 1787 ·

136 1897 142 1926 -’
221 1879 318 1952 liihb.
351 1901 407 1967 pg.
430 1885 522 1964 489),
560 1877 623 1946 nisi
656 1880 820 1964 Erigonae
856 1879 968 1964 potius
999 1900 1097 1964 quani
1135 1877 1294 1967 Epigonis
1331 1879 1547 1947 adscribenda

137 2000 144 2068 ’ς
220 1995 329 2053 essem
362 1993 532 2067 sequentia
554 1982 610 2070 (ci.
634 2002 745 2051 comni.
782 1993 815 2050 in
838 1985 921 2056 Non.
945 1990 999 2065 20,
1022 1991 1071 2066 8),
1111 1982 1220 2069 potuit
1241 1991 1381 2067 primum
1402 1989 1544 2063 aperire,

219 2111 280 2159 cnr
301 2095 455 2172 colloquii
478 2100 637 2158 secretum
656 2088 812 2174 elegisset
843 2095 959 2160 locum:

325 2231 430 2295 eaque
469 2214 528 2279 hoc
559 2215 615 2298 (sc.
651 2212 727 2295 ieci)
759 2231 870 2294 eausa,
905 2220 942 2278 ut
975 2220 1089 2294 nequis
1128 2220 1239 2280 nostra
1272 2212 1376 2277 rerba
1397 2210 1546 2291 cleperet

1035 2321 1038 2328 '
1277 2311 1425 2382 nuribus.

133 2522 137 2535 Ι
285 2437 477 2509 Becusantis
510 2436 692 2508 Alcmeonis
726 2435 854 2506 animus
876 2447 1008 2522 patrum
1033 2436 1290 2508 ulciscendorum
1320 2439 1542 2504 demonstrata

132 2568 145 2630 ῑ,
218 2545 412 2632 necessitate
436 2556 627 2628 temptatur:

432 2689 548 2765 quibus
572 2689 672 2751 oculis
696 2682 865 2766 quisquam
888 2694 1034 2750 nostrum
1054 2681 1176 2767 poterit
1198 2649 1329 2753 illorum
1350 2684 1445 2770 optni

323 2790 443 2866 vultus,
469 2805 550 2868 quos
576 2787 640 2853 iam
663 2791 705 2854 ab
726 2787 826 2854 armis
848 2796 925 2853 anni
957 2791 1104 2869 porcent‘l
1464 2809 1465 2814 ’

130 3000 135 3035 3
286 2929 395 3010 nsque
420 2932 471 2995 hic
494 2927 601 3010 potuit
624 2930 745 2995 habere
767 2931 873 2995 locum
896 2948 1007 2995 versus
1029 2947 1083 3012 ap.
1108 2932 1191 2996 Non.
1216 2936 1293 3010 230,
1320 2936 1362 3024 2¹⁷
1377 2940 1542 3019 serratus,

218 3035 247 3101 si
269 3032 433 3102 scribatur
456 3033 586 3119 itaici.
599 3038 743 3117 comm.):

219 3158 222 3163 ’
323 3186 428 3233 nonne
454 3163 608 3250 ilrgirom
631 3167 771 3233 tremere
793 3165 915 3232 bellum
950 3175 984 3233 et
1005 3169 1090 3233 velle
1113 3162 1145 3232 ri
1169 3170 1300 3251 vulgum
1325 3163 1431 3234 rides?

286 3299 443 3388 Argivom
468 3319 526 3383 pre
549 3284 753 3387 Argivorum.
1575 3387 1582 3401 .

283 3406 376 3490 Quod
398 3403 427 3471 si
451 3406 620 3492 Epigonon
643 3405 867 3490 potiusquam
890 3403 1057 3492 Erigonae
1078 3414 1163 3484 sunt,
1187 3409 1274 3488 quod
1298 3417 1406 3473 minen
1429 3403 1541 3474 minus

126 3518 131 3587 i
183 3585 187 3592 ,
217 3510 387 3596 probabile
410 3511 466 3598 (ci.
493 3530 609 3580 comm.
634 3509 669 3580 in
692 3513 777 3581 Non.
804 3519 877 3596 185,
905 3513 972 3597 18),
996 3528 1081 3596 quae
1104 3508 1193 3579 inira
1220 3498 1396 3596 ponuntur,
1430 3511 1541 3580 obiec-

126 3658 132 3699 ÷
215 3623 284 3681 tum
306 3621 355 3680 est
376 3617 420 3679 ah
441 3614 627 3695 Alcmeone,
652 3619 739 3698 quod
762 3615 966 3698 primum'ab
990 3617 1140 3698 Apolline
1163 3612 1267 3681 iussus
1297 3624 1380 3686 esset
1396 3623 1538 3684 matrem

125 3721 129 3763 ³
215 3718 346 3788 afficere
368 3736 485 3801 poena:

125 3836 130 3857 ¹
246 3814 249 3819 ¹
320 3852 389 3925 qni,
413 3840 476 3909 nisi
499 3840 678 3928 genitorem
702 3845 782 3926 uiso,
805 3845 932 3908 nouum
954 3818 1032 3908 meis
1054 3844 1112 3908 dat
1135 3841 1231 3908 finem
1254 3838 1403 3910 miseriis.

281 3965 464 4034 Matricidii
486 3976 575 4034 certe
599 3963 823 4034 committendi
845 3975 963 4032 mentio
986 3963 1169 4032 continetur
1184 3963 1283 4037 hisce:

319 4088 437 4176 iate0r3
461 4093 518 4158 sed
541 4109 600 4159 cur
621 4099 755 4176 propter
775 4091 856 4159 haec
879 4085 1008 4178 pigram
1030 4098 1087 4158 aut
1111 4085 1207 4157 huius
1229 4085 1376 4157 dubitem
1391 4105 1535 4172 parcere

321 4194 439 4266 caiti?
471 4224 476 4234 ·

123 4296 146 4385 ξ’
282 4214 381 4404 Quat?
380 4319 513 4401 paulum
529 4315 659 4387 diversa
669 4316 881 4403 amphilocho
897 4281 994 4386 fratri
1002 4318 1182 4386 Alcmeonis
1192 4313 1310 4384 tribuit
1332 4312 1537 4387 Ribbeckius

190 4429 304 4493 *reiut
338 4421 524 4518 adversanti
560 4426 735 4508 Eriphylae
771 4421 878 4507 caedi3
911 4423 953 4490 ci.
994 4442 1050 4508 pg.
1074 4429 1151 4490 tat.
1190 4422 1256 4490 Sed
1277 4441 1382 4504 neque
1402 4425 1445 4489 do
1467 4420 1537 4492 tati

122 4564 126 4583 ·
216 4530 357 4598 fratrum
382 4533 523 4597 Emenso
555 4526 647 4596 alibi
669 4534 847 4613 quidquam
882 4526 1039 4598 traditum
1072 4539 1107 4596 et
1132 4524 1301 4614 ,pigi-are·
1338 4523 1535 4636 sipositunr
