3284 5136
661 305 871 373 ..22-

182 529 232 598 le
253 526 358 592 rerbts
379 515 532 582 Hecubae
552 512 593 574 de
615 505 798 573 Cassandra
819 507 853 567 at
874 518 915 568 ax
930 514 1026 566 rersu
1040 508 1140 575 supra
1154 493 1314 568 adsortpto
1327 502 1426 569 ,quo·
1492 524 1496 575 „t

117 656 189 709 ‘⁰¹¹¹
210 624 450 704 ⁰l¹¹d0¹¹t³l0¹¹¹‘
476 639 504 688 θ·
527 636 558 702 l·
582 633 608 684 s·
631 631 703 684 tum
725 618 804 680 satts
837 612 992 693 appareat
1013 604 1111 672 etiam
1137 598 1320 686 Polyxenaa
1341 611 1428 662 mor·
1492 598 1494 603 ’

118 757 182 815 tem
203 740 237 808 in
261 738 320 802 hae
356 727 526 810 tragoedla
563 725 782 795 memoratam,
821 713 1049 797 Astyanactem
1085 715 1128 773 et'
1153 703 1296 771 Troades
1328 717 1428 768 unam
1490 700 1496 744 ·²

120 850 218 918 fuisse
239 839 380 908 fabulam
411 832 600 897 dubitanter
633 828 766 890 oonlealt
788 818 996 886 Rtbbeohlus.
1026 812 1116 896 Quae
1145 810 1292 876 resideo
1314 822 1429 894 parum

121 958 247 1024 ridetur
268 939 453 1033 probabilis,
481 936 566 1019 quod
589 927 621 998 in
645 931 759 995 eodem
796 942 869 1007 eap.
908 926 938 992 V
969 920 1113 989 allonio
1140 925 1280 1000 utraque
1314 925 1431 982 memo·
1492 922 1497 1015 ι

122 1070 253 1244 ηωιὲιιὶ
275 1174 313 1222 ex
336 1145 515 1218 Troadibus
546 1146 589 1212 ab
609 1159 646 1208 eo
668 1138 815 1207 adsertam
837 1137 936 1215 loeus,
959 1130 1086 1218 plenior
1108 1098 1231 1212 legitur
1245 1129 1334 1212 apud
1356 1108 1434 1193 sep

53 1342 56 1348 ,
125 1279 209 1338 rtum
233 1261 377 1330 Dantelts
399 1264 432 1322 tn
456 1255 537 1321 Aen.
559 1249 586 1331 I,
612 1251 686 1315 l'td.
709 1245 751 1311 ht
780 1245 910 1311 ridetur
934 1249 980 1307 lta
1001 1238 1197 1307 scribendus:

229 1441 269 1488 ne
291 1429 328 1484 tu
350 1423 414 1483 lam
437 1430 515 1478 saxo
537 1409 648 1493 fruges
670 1406 802 1472 frendes
828 1403 894 1485 (rel
922 1401 1103 1483 ,frendes‘)
1124 1395 1276 1468 torridas,

86 1588 88 1594 '
193 1577 397 1648 Manifestum
420 1567 517 1639 unius
539 1585 579 1633 ex
600 1565 727 1636 femlnts
763 1569 908 1646 eapttrts,
948 1560 1085 1628 fortasse
1116 1559 1278 1640 Hecubae,
1300 1532 1438 1625 servitu·
1494 1548 1498 1643 ξ

128 1697 193 1756 tem
215 1684 360 1752 futuram
382 1688 429 1745 tta
450 1693 522 1744 eum
542 1671 636 1740 mlnis
657 1670 804 1737 desorlbi.

194 1791 343 1856 Alterum
366 1781 597 1863 fragmentum,
618 1792 639 1842 a
662 1775 826 1863 Prlstlano
848 1787 905 1857 pp.
929 1774 994 1838 680
1016 1779 1187 1837 serratum:

340 1941 398 2008 sed
420 1943 626 2003 utrumnuna
641 1941 749 1998 terrae
772 1939 875 1997 motus
901 1936 1065 1997 sonttusne
1088 1929 1227 1997 inferum
1423 1908 1427 1935 *
1493 1890 1498 2017 j

341 2051 483 2132 perraslt
503 2048 594 2109 aurts
615 2046 703 2106 lnter
723 2034 854 2105 tonitra-
867 2044 907 2105 et
923 2040 1085 2107 turbines?
1495 2044 1498 2051 λ

54 2238 56 2242 ·
132 2213 212 2281 hene
233 2215 436 2292 eomparatur
473 2221 493 2270 a
529 2201 704 2268 Rtbbeeldo
740 2219 811 2266 eum
833 2200 893 2282 eis,
918 2216 1002 2282 quae
1025 2202 1066 2266 de
1089 2199 1225 2266 Achillis
1251 2202 1366 2267 umbra
1388 2218 1442 2267 su·
1494 2156 1499 2277 J

135 2316 202 2385 bito
224 2317 399 2398 prodeunte
422 2320 456 2376 et
477 2308 681 2391 Polyxenam,
715 2314 753 2371 ut
774 2308 916 2372 debltam
953 2312 1128 2387 rtettmam,
1153 2317 1301 2390 poscente
1332 2317 1446 2374 narrat
1493 2328 1499 2377 t

134 2422 253 2491 Seneca
272 2420 388 2485 Troad.
415 2421 475 2486 tta
498 2431 566 2497 sqq.
1495 2430 1501 2515 ἰ

641 2613 730 2681 XIX.
754 2612 920 2682 Athamas.

1497 2720 1502 2757 l

204 2819 354 2903 Aesehpll
376 2816 440 2881 fult
460 2815 630 2899 tragoedta
666 2825 732 2880 una
769 2813 934 2896 Athamas,
955 2814 1097 2896 adeoque
1130 2816 1251 2899 duplex
1275 2814 1448 2902 Sophoclis.
1497 2766 1503 2863 J

139 2923 349 3001 conferenda,
372 2937 456 3003 quae
478 2925 518 2986 de
540 2927 586 2984 ets
609 2927 642 2984 tn
665 2918 854 3002 fragmentis
876 2930 964 3002 trag.
1005 2915 1114 3002 green.
1152 2924 1305 2989 adnotata
1331 2931 1449 2990 sunta

138 3027 294 3097 Nauehto.
1497 3048 1504 3109 ,¹

205 3134 252 3198 De
274 3132 469 3198 Athamante
491 3146 562 3194 eum
596 3130 716 3208 duplex
750 3126 891 3194 ferretur
922 3126 1035 3193 fabula
1057 3128 1114 3202 (cf.
1138 3132 1286 3212 Apollod.
1308 3132 1337 3211 1,
1362 3138 1394 3213 e,
1420 3140 1449 3211 ις
1497 3116 1504 3193 ι

140 3239 184 3307 tb.
209 3237 253 3317 2),
279 3252 413 3318 quarum
445 3234 552 3300 altera
581 3232 773 3299 tradebatur
804 3233 880 3300 Inus
915 3250 1070 3300 nouercae
1101 3230 1271 3301 calumniis
1293 3234 1450 3321 effectum,
1500 3296 1504 3331 ,

107 3389 110 3396 -
142 3350 180 3407 ut
202 3341 341 3408 Phrixus
362 3348 396 3406 et
417 3338 513 3405 Helle
545 3335 688 3420 priuignl
727 3345 851 3419 patrem
891 3347 1097 3419 patriamque
1136 3342 1321 3420 relinquere
1357 3361 1453 3426 eoge-
1501 3336 1505 3425 ξ

144 3453 269 3525 rentur,
293 3445 400 3509 altera
422 3436 538 3508 deinde
560 3447 592 3505 ln
619 3439 761 3507 furorem
796 3458 981 3506 conversum
1021 3441 1245 3507 Athamantem
1268 3440 1505 3527 grassatum

143 3549 178 3615 in
199 3549 257 3615 Ino
279 3555 314 3615 et
333 3564 415 3629 quos
453 3564 493 3610 ex
527 3563 566 3610 ea
601 3545 778 3611 sustulerat
812 3546 938 3624 llberos,
971 3562 1054 3625 quae
1085 3544 1190 3610 Orldtl
1213 3554 1263 3611 est
1284 3551 1454 3615 nobllltata
1499 3530 1505 3635 J

145 3659 286 3721 oarmtne
319 3648 372 3737 (ei.
397 3649 526 3719 Metam.
561 3647 618 3731 IV,
651 3652 716 3716 416
737 3652 834 3732 ειη),
870 3645 1065 3717 thbeehius
1101 3668 1171 3717 eam
1199 3654 1241 3720 ab
1264 3652 1361 3721 Aeolo
1383 3656 1455 3721 rult
1491 3646 1505 3732 ,1

146 3766 325 3833 tractatam,
348 3773 446 3834 quam
484 3752 585 3821 refert
621 3754 770 3837 Hyginus
809 3757 851 3821 de
871 3763 1041 3822 astronom.
1077 3759 1120 3821 20
1142 3773 1198 3839 pp.
1221 3763 1285 3823 466
1308 3761 1359 3826 ed.
1382 3759 1456 3825 Sta·
1494 3716 1505 3853 J

147 3876 254 3927 reren.
1501 3868 1505 3929 ξ

214 3965 246 4029 la
269 3969 351 4027 enlm
387 3973 500 4027 narrat
532 3960 733 4042 Demodteen,
763 3962 892 4030 Gretbei
925 3964 1128 4030 Athamantis
1165 3962 1278 4030 fratrls
1312 3984 1457 4048 uxorem,
1499 3936 1506 4027 i

149 4086 222 4137 oum
244 4063 387 4134 Phrixus
409 4084 549 4134 amorem
585 4074 655 4134 etus
692 4075 776 4133 esset
811 4077 1013 4152 aspernatus,
1048 4069 1219 4136 calumniis
1245 4068 1459 4154 effecissent
1498 4034 1506 4147 'J

151 4181 274 4242 tnrenls
295 4190 316 4240 a
339 4182 432 4256 patre
455 4175 498 4238 ad
521 4180 657 4238 mortem
688 4173 911 4240 destinaretur.
946 4175 1064 4239 Verum
1101 4175 1195 4239 nubis
1217 4171 1255 4258 (i.
1276 4194 1306 4243 e.
1332 4176 1460 4259 Nephe·
1498 4154 1506 4251 ’ἶ

151 4280 199 4348 les
220 4282 346 4359 matris)
384 4274 568 4346 interuentu
607 4294 680 4343 eum
718 4295 789 4343 oum
825 4275 920 4346 Helle
942 4296 1053 4345 sorore
1085 4281 1228 4346 ablatum
1265 4280 1469 4370 colebtdem,

148 4386 269 4452 delude
292 4386 460 4453 reduetum
482 4400 503 4450 a
524 4385 687 4452 llerourto
709 4388 742 4448 tn
765 4388 906 4466 patriam
933 4394 967 4451 et
989 4386 1225 4452 reeonotliatum
1247 4396 1347 4470 patrt.
1411 4461 1418 4486 ι
1501 4368 1507 4475 J
