3324 5212
687 348 890 419 ..40-

137 560 191 626 ubi
214 553 271 624 ille
293 549 403 624 reddit
424 554 529 620 multa
550 571 589 621 er
613 551 803 622 Prometheo
825 554 929 620 soluto
953 549 1114 636 Aeschyli,
1129 553 1386 620 demonstratum
1401 562 1452 620 est

91 700 97 710 ·
137 670 361 732 commentario
383 662 537 727 Noniano.
1520 661 1527 751 i

201 771 271 838 Non
295 770 488 837 abhorrete
511 769 739 852 probabilitate
779 777 956 853 respectam
994 769 1129 834 subinde
1152 769 1242 835 Accii
1265 765 1452 834 tabularia
1521 760 1527 840 -ῗ

137 877 282 942 Varrone
303 885 337 942 in
361 883 484 952 satura,
509 893 591 955 quae
615 871 772 956 inscripta
804 882 852 938 est
883 875 1110 956 „Prometheus
1133 871 1250 955 liber‘‚
1272 892 1345 954 cum
1367 874 1453 950 bunc
1477 959 1480 966 Ι
1518 860 1529 967 3

137 992 174 1050 ul
194 982 283 1062 alibi,
306 988 354 1047 ita
376 988 470 1047 etiarn
494 985 526 1046 in
551 986 672 1047 saturis
695 983 894 1066 tragicorum
926 981 1097 1046 latinorum
1119 986 1239 1047 constet
1274 973 1375 1048 luisse
1397 997 1454 1048 cu·
1524 998 1530 1081 3

137 1087 266 1160 riosum.
291 1090 409 1155 Nullus
431 1096 535 1154 tamen
560 1085 606 1154 ibi
627 1095 676 1155 est
715 1089 812 1168 locus,
853 1105 946 1170 ‹puern
968 1097 1056 1155 certo
1090 1084 1192 1169 possis
1215 1089 1358 1155 tribuere
1381 1105 1450 1154 car·
1525 1084 1529 1117 ³

137 1192 214 1265 mini
238 1196 388 1264 deciano.
413 1196 524 1278 Neque
547 1201 649 1279 magis
672 1203 806 1274 constat,
846 1202 954 1264 uirum
993 1200 1130 1261 vinetum
1153 1213 1196 1261 an
1220 1197 1358 1261 solutum
1381 1211 1453 1277 per·
1523 1125 1531 1269 ι

135 1310 265 1370 secutus
287 1296 331 1367 sit
351 1301 539 1367 Promethea
564 1301 678 1366 Accius
699 1317 741 1365 an
763 1302 857 1377 adeo,
882 1301 966 1381 quod
988 1299 1184 1366 Ribbecldus
1214 1306 1345 1383 propter
1368 1299 1452 1365 Var-
1525 1306 1531 1389 i

138 1417 224 1476 roais
245 1416 395 1488 saturam,
418 1415 611 1491 argumento
634 1426 710 1474 usus
733 1403 926 1489 tenuissimo,
949 1413 1064 1475 statuit
1086 1426 1143 1492 pg.
1167 1412 1243 1487 511,
1265 1414 1451 1490 utrunque.
1507 1412 1533 1561 3

526 1600 665 1668 XXXII.
695 1600 809 1667 Medea
830 1601 1080 1685 (argonautae).
1528 1668 1533 1707 r

1526 1710 1533 1747 l

202 1778 347 1847 Medeam
370 1784 467 1846 etiam
492 1778 699 1864 Argonautas
723 1773 907 1860 inscriptam
930 1774 1026 1845 inisse
1051 1777 1192 1846 fabulam
1215 1779 1455 1846 testaturPris·

140 1895 249 1955 cianus
271 1905 328 1970 pg.
357 1885 450 1965 1325,
473 1889 529 1951 sed
552 1885 638 1950 haud
663 1887 759 1951 dubie
782 1883 943 1951 ciceronis
967 1888 1033 1951 loco
1055 1890 1194 1967 quodam
1215 1888 1272 1968 (de
1288 1889 1453 1954 natdeor.
1529 1874 1534 1959 i

43 2060 46 2067 ,
138 1992 180 2070 11.
206 1993 272 2074 lb),
294 2009 357 2073 quo
379 1996 490 2070 utitur,
522 1992 674 2072 deceptus
705 1991 791 2075 (narn
823 1998 857 2057 et
889 2009 1014 2058 versum
1036 2011 1134 2058 unum
1159 2010 1199 2059 ex
1222 1991 1282 2072 iris,
1306 2009 1388 2075 quae
1411 1993 1455 2060 ab
1530 1978 1534 2026 ³

140 2109 274 2180 utroque
296 2106 450 2175 citantur,
475 2097 606 2163 Medeae
644 2093 840 2180 adscriptum
878 2097 986 2165 adlert
1008 2100 1089 2166 Non.
1115 2120 1171 2185 pg.
1194 2105 1238 2166 ilo
1260 2119 1286 2169 s.
1304 2103 1326 2166 i.
1349 2096 1453 2167 conci·
1530 2118 1535 2189 ς

140 2208 219 2287 ere).
243 2207 349 2287 Atque
372 2199 506 2286 abipso
528 2205 618 2282 alibi,
640 2223 698 2290 pg.
725 2210 798 2284 761,
821 2207 933 2273 eadem
957 2208 1043 2274 dieta
1066 2207 1191 2274 Medea.
1242 2278 1249 2285 ,

206 2314 251 2378 Et
272 2320 365 2392 parte
386 2312 515 2392 quidem
548 2310 798 2394 fragmentorum
821 2313 1017 2395 descriptum
1040 2319 1119 2378 satis
1140 2315 1323 2396 eleganter,
1360 2329 1456 2393 quam

141 2413 288 2504 graviter
309 2413 542 2484 sint‘commoti
565 2419 779 2484 admiratione
801 2420 894 2484 simul
928 2426 962 2484 ot
984 2421 1072 2485 metu
1096 2415 1129 2483 io
1156 2436 1216 2484 ora
1237 2414 1331 2485 Ponti
1354 2434 1454 2502 propa
1528 2442 1536 2472 τ

141 2519 217 2589 lutri
238 2527 322 2587 ostia
344 2531 498 2603 pastores,
521 2539 560 2586 ex
583 2524 699 2602 quibus
721 2540 805 2587 nnus
842 2521 920 2587 latii
947 2525 1058 2599 rerba,
1083 2530 1149 2587 risa
1174 2531 1310 2605 primum
1334 2528 1456 2606 navigii
1532 2533 1537 2616 i

141 2634 291 2694 maritimi
314 2629 406 2706 mole.
446 2644 540 2710 quam
564 2644 623 2711 pro
661 2636 808 2711 portento
843 2647 914 2696 oum
953 2629 1141 2695 habuissent
1168 2623 1287 2713 greges
1309 2631 1456 2695 deserere
1534 2634 1537 2719 j

140 2742 321 2814 coeperunt.
1535 2754 1537 2761 ·

203 2832 318 2905 ‘Primo
337 2847 444 2905 autern
468 2839 534 2905 looo
557 2840 709 2905 ridentur
731 2834 843 2922 fuisse,
866 2856 951 2921 quae
981 2837 1085 2919 finem,
1113 2843 1174 2904 nisi
1206 2836 1315 2921 failor,
1351 2834 1456 2904 fecere
1533 2864 1538 2898 ÷

145 2946 394 3027 commonibus
411 2951 515 3010 meins
537 2953 700 3026 pastorum
723 2953 839 3029 ingens
860 2947 1109 3013 describeretur:

396 3086 528 3161 vagant.
552 3095 669 3160 pavore
693 3080 817 3161 pecuda
840 3085 872 3143 in
897 3078 1028 3142 tumulis
1050 3079 1211 3145 deserunt.

395 3189 468 3262 quis
492 3199 546 3247 ros
560 3192 671 3266 pascet
699 3184 825 3266 postea?
1045 3179 1049 3188 '

209 3319 272 3386 Vbi
295 3327 321 3387 si
344 3322 508 3388 trochaica
530 3323 589 3388 illa
620 3319 710 3403 ,quis
734 3342 789 3389 ros
811 3330 922 3404 pascet
944 3319 1091 3402 postea‘l
1113 3330 1201 3387 recte
1223 3321 1353 3403 babent,
1376 3322 1457 3390 liaeo
1511 3306 1540 3417 3

144 3423 292 3493 clausula
313 3422 387 3503 fuit,
411 3426 495 3491 sicut
517 3422 597 3493 aiibi
632 3433 785 3493 orationis
819 3429 967 3493 exodium
989 3428 1030 3491 ab
1054 3421 1152 3491 Amic
1176 3426 1335 3491 redditum
1357 3425 1459 3492 dime-
1537 3447 1541 3515 3

143 3536 194 3594 tro
216 3530 350 3595 iambico
385 3548 443 3609 „au
476 3529 555 3594 naec
575 3527 640 3595 ianr
663 3527 755 3594 obiiti
778 3540 852 3594 sunt
890 3530 1074 3610 Phryges“'l
1096 3529 1160 3592 Sed
1183 3525 1289 3592 neseio
1311 3545 1354 3593 au
1377 3538 1455 3594 scri·
1536 3544 1541 3557 ·

142 3632 282 3697 bendum
303 3625 349 3696 sit
374 3641 426 3712 „ai
447 3640 521 3712 quis
544 3651 596 3697 ros
633 3639 742 3714 pascet
775 3635 924 3714 postea⁸i
959 3632 1027 3696 lam
1061 3648 1160 3696 causa
1181 3637 1304 3697 umoris
1325 3630 1458 3698 additur
1537 3632 1542 3691 i

144 3735 194 3802 bis
220 3738 330 3821 ‚unta
351 3737 448 3803 moles
472 3738 611 3804 labitur·
637 3757 666 3804 e.
690 3757 721 3818 q.
744 3755 768 3805 a
795 3737 999 3803 Praecessero
1029 3744 1064 3800 ut
1085 3746 1178 3818 puta:

336 3904 337 3908 =
399 3882 458 3935 neo
480 3874 603 3947 mirum,
627 3870 711 3952 quod
735 3875 875 3950 portenti
897 3866 1077 3952 diffugiunt
1098 3879 1184 3934 metu

397 3987 569 4051 numquam
592 3981 666 4037 ante
689 3968 761 4038 visi.

209 4105 274 4176 sed
295 4115 409 4175 sensim
446 4112 648 4194 intellegitur
683 4095 805 4194 pastori
827 4116 868 4181 ab
891 4117 1110 4179 animantibus
1132 4119 1236 4177 teneri
1268 4118 1451 4193 portentum
1539 4116 1543 4151 ³

142 4209 239 4278 illud:
1195 4268 1198 4274 .
1539 4210 1542 4226 ²

354 4337 390 4392 ut
411 4324 561 4394 moutati
583 4335 679 4409 atque
701 4329 824 4393 alacres
847 4336 965 4393 rostris
987 4329 1187 4409 perfremunt
1213 4289 1216 4298 ι

353 4431 512 4515 delphini,
536 4439 612 4498 iiam
635 4433 695 4498 illa
716 4432 814 4498 moles
836 4428 960 4498 Silvani
992 4434 1072 4499 melo

352 4534 545 4604 consimilem
567 4541 609 4604 ad
632 4546 720 4605 auris
741 4546 866 4604 cautum
892 4546 926 4604 et
946 4543 1093 4605 auditum
1116 4540 1228 4606 reiert.
