3284 5136
728 305 930 376 ..52-

243 520 360 603 Quodsi
384 522 503 584 rectum
539 514 620 580 vidit
656 506 861 588 Ribhoclrius,
886 517 1111 594 argumentum
1150 509 1347 593 implicatum
1378 527 1496 594 magno

175 644 271 712 opere
294 634 328 691 et
350 619 542 698 intricatum,
567 619 651 701 quod
674 614 777 682 refert
800 617 963 699 Hyginus,
987 618 1031 683 ah
1055 615 1221 698 Euripidis
1241 618 1361 713 *atiquo
1394 625 1496 682 secta·

67 797 69 800 .
174 743 246 802 tore
269 737 442 799 tractatum
464 733 532 794 veri
554 732 605 792 est
627 723 730 791 simile
753 724 935 790 admodum.

701 919 769 986 lii.
793 919 981 984 Philocteta.

243 1103 332 1188 Quod
356 1104 512 1168 Varronis
533 1101 566 1164 d.
589 1099 613 1162 l.
639 1099 695 1163 iat.
730 1096 804 1170 Vll,
834 1101 869 1160 li
911 1097 1036 1181 iegitur
1079 1101 1185 1178 ,apud
1212 1100 1342 1163 Accium
1364 1104 1396 1161 ta
1420 1096 1494 1162 Phi·

175 1213 292 1278 luceia
314 1209 474 1289 Lemnlo⁸,
506 1225 576 1272 cum
608 1224 777 1287 numquam
808 1206 888 1270 allhi
921 1212 968 1270 sic
990 1214 1119 1270 vocetur
1156 1206 1234 1272 haec
1256 1203 1368 1272 fabula
1389 1223 1494 1288 neque

174 1321 216 1384 de
238 1319 341 1383 altero
364 1311 453 1381 Accii
476 1320 595 1378 constet
623 1309 810 1389 Philocteta,
850 1311 931 1376 Illud
959 1310 1127 1384 ,Lemnio·
1154 1320 1262 1377 ortum
1284 1307 1432 1377 existimo
1455 1330 1495 1377 ex
1554 1317 1558 1327 “

174 1437 213 1488 eo
235 1421 321 1502 quod
343 1438 414 1485 mox
436 1425 585 1498 sequitur
612 1416 761 1496 ,lemnia
785 1425 912 1497 praesto
935 1412 1093 1494 litora‘„
1423 1397 1426 1404 ¹
1555 1426 1558 1433 '

242 1526 423 1592 Philocteta
446 1529 479 1590 in
503 1522 620 1589 Lemno
642 1522 750 1588 insula
772 1520 903 1588 erilium
926 1538 1038 1606 agens,
1055 1516 1155 1589 donee
1169 1539 1228 1606 per
1243 1523 1368 1608 legatos
1391 1521 1495 1592 Grae·
1557 1596 1560 1604 ,

174 1653 283 1701 corum
305 1636 346 1700 ad
369 1633 495 1699 ‘I'rolam
533 1633 760 1712 deduceretur,
798 1636 965 1696 materiam
998 1631 1152 1710 praebuit
1174 1632 1282 1696 trihus
1304 1635 1495 1715 tragoediae
1544 1641 1559 1685 -’

175 1758 310 1828 graecae
337 1736 547 1823 principibus.
582 1738 719 1821 Quorum
751 1739 895 1802 carnaiaa
929 1743 1127 1822 compararit
1148 1743 1233 1803 inter
1255 1755 1290 1804 se
1314 1735 1372 1804 Dte
1395 1736 1495 1826 Chry·

176 1855 358 1916 sostorat.
382 1846 591 1915 illidor.
616 1842 690 1911 iix
723 1844 909 1924 Euripidem
943 1850 1072 1909 secutus
1103 1845 1319 1925 paraphrasin
1343 1849 1495 1926 praebuit
1557 1874 1562 1929 χ

179 1955 332 2023 sermonis
371 1961 456 2021 inter
484 1950 692 2020 Philoctetam
714 1961 747 2018 et
772 1951 910 2031 Vlixem,
948 1968 1041 2034 quem
1079 1958 1246 2033 ignoraret
1270 1953 1334 2033 ille,
1359 1961 1493 2037 primum

62 2132 65 2137 ,
177 2066 326 2126 conserti.
352 2063 452 2128 Porro
486 2067 575 2125 extat
607 2059 790 2123 Philocteta
826 2056 1002 2141 Sophoclis,
1026 2057 1069 2120 Et
1092 2059 1168 2122 aliis
1192 2055 1329 2141 tragicis
1352 2059 1492 2125 Graeco·
1561 2119 1565 2153 ἓ

177 2183 248 2232 rum
271 2172 435 2232 materiam
459 2164 637 2248 praebuere
660 2161 818 2230 scribendi
845 2159 1041 2228 Philoctetae
1068 2179 1159 2228 casus
1183 2164 1278 2232 idem.
1303 2160 1352 2233 ci.
1369 2162 1515 2235 Nauca'
1559 2171 1565 2204 ³

176 2267 208 2337 i'n
232 2273 339 2337 Indice
353 2281 440 2354 trag.
467 2289 578 2354 graec.
605 2270 702 2352 Irgm.
720 2288 747 2334 s.
783 2273 804 2333 i.
828 2265 1028 2349 Φιλοκτήτης.
1045 2270 1123 2332 Fuit
1138 2277 1235 2334 ctiam
1250 2268 1441 2352 Φιλοκτήτης
1462 2271 1495 2334 io
1562 2308 1566 2335 .·

177 2371 274 2459 Τροίᾳ
297 2373 472 2458 Sophoclis
505 2370 710 2456 eiusdemque
741 2376 924 2457 argumenti
954 2388 1079 2437 carmen
1104 2373 1238 2438 Achaei.
1261 2370 1409 2440 ceterum
1432 2392 1494 2440 non
1563 2400 1567 2435 ·.

175 2488 296 2566 tragici
319 2483 420 2547 solum
453 2487 571 2565 graeci,
605 2487 701 2545 etiam
737 2485 846 2543 comici
871 2486 919 2541 usi
941 2486 1016 2543 sunt
1051 2478 1249 2543 Philoctetae
1270 2481 1378 2560 rebus,
1403 2481 1494 2546 cuius
1563 2486 1567 2564 j

173 2589 214 2654 de
236 2592 382 2672 egestate
405 2594 439 2654 et
461 2592 602 2666 miseria
628 2603 692 2669 qua
713 2586 793 2653 adeo
816 2603 888 2653 eum
911 2585 953 2650 ed
979 2585 1152 2651 muliebria
1167 2589 1322 2668 patienda
1339 2588 1491 2654 adactum
1563 2592 1568 2647 ζ

176 2703 249 2759 erut
271 2692 367 2774 Iamo,
389 2694 530 2759 ridicula
557 2697 725 2758 commenti
747 2700 836 2756 sunt.
1370 2697 1376 2705 '

241 2799 341 2866 Porro
364 2816 423 2866 nec
445 2798 639 2883 Aeschylum
665 2815 722 2864 nec
758 2796 945 2879 Sophoclem
968 2805 1111 2863 secutum
1136 2799 1239 2863 rideri
1278 2798 1427 2864 Accium.
1445 2805 1493 2864 in·
1566 2852 1570 2870 ‚

175 2906 329 2971 tellexcre
351 2908 447 2971 docti.
474 2907 519 2970 At
541 2923 581 2968 ne
611 2907 652 2968 de
684 2903 840 2983 Euripide
863 2906 1000 2985 quidem,
1024 2919 1119 2982 quem
1153 2911 1275 2983 primus
1298 2903 1372 2967 huic
1394 2903 1493 2968 fuisse
1565 2896 1569 2902 ’

175 3013 320 3093 exemplo
357 3009 539 3097 suspicatus
576 3018 625 3075 est
648 3010 710 3075 Ios.
734 3007 890 3092 Scaliger,
913 3017 993 3075 satis
1030 3020 1116 3074 certo
1138 3017 1275 3075 constat.
1300 3009 1381 3075 Nam
1404 3012 1492 3092 quod
1567 3094 1570 3099 ἢ

133 3167 135 3170 .
174 3115 371 3206 Itihbeclrlus
401 3132 432 3196 p.
458 3121 521 3181 377
553 3122 668 3180 statuit
704 3115 878 3200 Hyginum,
909 3133 1003 3196 quem
1037 3111 1193 3194 Euripide
1228 3132 1318 3179 usum
1349 3118 1491 3180 ridemus
1565 3135 1570 3189 2

177 3217 244 3288 iah.
285 3225 358 3303 iot,
397 3229 494 3288 etiam
533 3216 624 3288 ilcoii
669 3222 871 3306 tragoediam
916 3228 1108 3303 respexisse,
1135 3219 1220 3286 nuho
1259 3229 1363 3303 potest
1399 3227 1490 3304 pacto
1565 3248 1570 3319 ξ’
1605 3252 1607 3256 >

176 3328 316 3408 probari.
1566 3352 1569 3361 ·

239 3430 305 3498 Iunr
326 3438 388 3498 etsi
410 3436 564 3514 quaedam
587 3441 620 3499 in
643 3435 736 3499 liuius
764 3440 903 3500 carmine
927 3435 1006 3499 hene
1030 3440 1162 3513 possunt
1190 3432 1307 3497 reterri
1327 3435 1371 3499 ad
1394 3432 1490 3497 Euri·

173 3536 310 3618 pideum,
332 3539 401 3602 alia
424 3545 530 3603 tamen
553 3540 739 3618 discrepare
762 3537 962 3602 nraniiestum
984 3547 1043 3618 est3
1068 3538 1301 3618 dicendumque
1324 3538 1374 3602 rel
1397 3553 1490 3617 prae·
1566 3545 1570 3555 '

173 3650 224 3710 ter
246 3642 432 3726 Euripidem
465 3640 563 3711 etiem
596 3643 750 3727 Aeschylo
771 3651 805 3710 et
828 3641 1151 3727 Sophocle'(quorum
1175 3648 1489 3710 tamenimitatlonis
1532 3686 1535 3691 -
1564 3638 1569 3674 ²

171 3754 264 3833 signa
287 3766 350 3819 non
386 3750 582 3835 comparent)
614 3756 881 3816 contaminatione
916 3749 1001 3815 iacta
1041 3765 1130 3813 usum
1152 3747 1285 3814 Accium
1308 3748 1359 3813 rel
1382 3747 1487 3829 potius
1566 3806 1568 3811 .

172 3853 307 3918 eundem
315 3861 466 3936 secutum,
475 3862 511 3921 ut
522 3857 722 3937 plerumque,
735 3863 862 3937 poetam
872 3854 964 3922 nohIs
975 3861 1120 3938 ignotum
1142 3853 1268 3920 scholae
1281 3848 1485 3933 Euripideae,
1563 3852 1568 3887 ³

172 3959 373 4035 quinoaandl
395 3960 503 4024 studio
524 3963 641 4026 ductus
663 3965 838 4026 variaverit
861 3960 1010 4043 magistri
1031 3966 1081 4023 sui
1104 3975 1229 4023 carmen
1252 3962 1462 4022 notissimum.
1564 3966 1568 4045 j

238 4061 347 4146 Igitur
369 4080 432 4129 non
455 4065 581 4142 mirum,
605 4069 689 4147 quod
713 4085 785 4133 cum
810 4067 977 4148 Euripidis
1000 4063 1132 4129 fabulae
1155 4063 1323 4147 pmlogum
1344 4078 1487 4142 pmnun·
1544 4100 1567 4149 ·;

173 4160 268 4232 tiarit
287 4161 409 4248 Vlixes,
434 4167 592 4234 decianae
616 4177 648 4232 in
672 4176 830 4250 principio
853 4170 966 4233 laudas
989 4165 1094 4230 Vlixis
1118 4169 1240 4230 relatas
1255 4173 1394 4230 testatur
1418 4167 1487 4252 Ap·
1563 4168 1566 4173 ’

171 4274 296 4357 puleluc
317 4276 358 4342 de
379 4277 441 4342 deo
463 4274 604 4343 Socratis
625 4295 697 4358 cap.
729 4281 781 4342 24.
805 4275 927 4342 Versus
949 4284 1029 4340 sunt
1051 4270 1097 4339 hi:

487 4412 619 4491 inclute,
643 4428 744 4494 perra
765 4413 891 4496 prodiit
914 4411 1037 4492 patria,

485 4513 612 4581 nomine
634 4513 754 4581 celebri
777 4516 927 4594 claroque
949 4522 1071 4595 potens,
1183 4560 1186 4568 .
