3284 5136
775 301 981 378 ...43-

290 516 335 580 At
346 512 579 596 Neoptolemus,
590 512 661 577 licet
671 516 774 592 petris
787 512 932 591 exemplo
954 508 1128 577 achetium
1148 507 1288 576 terretur
1302 515 1419 589 animo,
1435 515 1541 574 tannen
1604 542 1607 572 ;

221 617 347 702 etipse
368 625 401 683 in
426 617 550 683 Vlixem
583 616 708 682 videtur
733 613 830 683 tuisse
860 610 1007 681 iniostior
1037 612 1318 698 suspiciosiorque,
1342 617 1431 697 quod
1452 621 1543 679 artes
1606 692 1608 696 ¹

222 733 293 793 eins
314 733 348 795 et
369 727 457 791 dolos
478 731 697 791 aversaretur.
722 722 837 804 Itaque
861 732 938 806 puto
963 721 1086 790 Vlixem
1109 725 1152 789 ad
1175 725 1361 791 monendum
1380 741 1453 789 eum
1468 739 1543 802 pro·
1605 724 1608 759 ³

223 826 338 896 tulisse
360 846 451 895 arma
474 825 621 906 Achiuis,
644 846 728 910 quae
753 825 882 894 ‘virtutis
918 845 1019 894 causa
1051 846 1072 895 a
1094 826 1231 894 Graecis
1252 825 1316 896 sibi
1339 818 1461 894 diceret
1483 823 1540 890 tri·
1606 868 1608 877 ,

224 939 313 1015 buta,
335 939 392 1001 scd
415 937 478 1001 iam
512 953 734 1001 concessurum
772 920 901 1002 honoris
940 952 1036 1000 causa
1071 934 1210 1002 Achillis
1236 936 1315 1002 filio.
1355 937 1437 1001 Nam
1459 929 1541 999 satis

226 1051 312 1109 recte
333 1048 479 1108 existimo
502 1038 655 1107 restituta
678 1058 699 1106 n
722 1041 823 1121 nobis,
846 1057 930 1122 quae
953 1036 1107 1122 corrupta
1130 1043 1287 1125 leguntur
1305 1042 1389 1123 apud
1406 1038 1541 1106 Nonium
1605 1046 1609 1129 ζ

226 1154 300 1229 eti,
324 1148 739 1228 amoenissimum:
846 1204 848 1209 .
1582 1147 1609 1157 ‘⁴

333 1296 437 1371 ,tune
460 1285 762 1366 Vlixo?⁸-,mocte
784 1282 836 1354 his
858 1295 970 1372 armis,
995 1293 1097 1356 inacte
1119 1281 1255 1354 virtutei
1276 1292 1409 1369 petris‘

120 1513 127 1521 ¹
289 1429 397 1510 Atque
419 1430 477 1493 tali
501 1432 585 1493 dono
607 1435 727 1494 rictum
749 1429 991 1511 Neoptolemum
1023 1436 1215 1495 consensisse
1248 1431 1292 1494 ad
1314 1427 1540 1510 protectionem

120 1526 133 1554 ”
225 1528 344 1602 conicio
366 1543 563 1619 matremque
598 1541 632 1602 et
665 1553 760 1604 avum
799 1533 1003 1621 permovisse,
1036 1554 1076 1604 ne
1115 1536 1256 1604 consiliis
1288 1530 1356 1602 suis
1388 1535 1540 1603 adverso·
1602 1534 1612 1631 s}

224 1648 348 1707 rantur.
374 1641 463 1708 Nihil
494 1649 599 1727 igitur
621 1650 681 1723 est,
714 1660 774 1708 cur
795 1644 905 1709 oblata
928 1646 1054 1710 demum
1093 1644 1227 1712 Achillis
1258 1642 1363 1725 patris
1384 1640 1538 1725 imagine,
1590 1682 1606 1718 ;,

224 1763 319 1829 quam
341 1753 372 1814 ei
394 1756 582 1830 apparuisse
604 1747 707 1816 refert
729 1747 807 1817 ilias
835 1755 947 1832 minor,
969 1752 1149 1817 addumum
1172 1745 1335 1852 existeres
1358 1751 1400 1816 ad
1424 1765 1542 1815 morem
1601 1756 1612 1827 ς

226 1854 403 1938 gerendum
426 1851 571 1922 Graecis.
1607 1848 1610 1856 ¹

669 2068 840 2136 XXXVII.
865 2068 1084 2154 Nyctegresia.

293 2253 496 2344 Noxeeeepeie
535 2260 585 2327 vel
608 2257 758 2325 Δολὼνιια
790 2256 1053 2348 agrammaticis
1080 2269 1259 2345 ‚inscriptus
1291 2255 1430 2328 decimus
1459 2258 1542 2325 liber

227 2363 347 2468 litenis,
370 2385 464 2447 quem
487 2368 562 2433 olim
585 2364 728 2433 alienum
751 2367 851 2433 fuisse
873 2386 895 2433 a
917 2369 1038 2434 relicuo
1061 2376 1202 2434 carmine
1217 2378 1251 2434 et
1264 2377 1373 2449 postea
1387 2369 1559 2460 insertum
1585 2386 1606 2435 ’-,

225 2477 297 2534 erat
319 2468 413 2537 iama.
1594 2532 1599 2545 .

290 2577 426 2643 Romani
448 2597 520 2645 cum
543 2582 723 2661 antiquitus
746 2588 780 2645 et
811 2580 1052 2648 Homericorum
1073 2586 1247 2646 carminum
1269 2597 1303 2645 et
1324 2576 1540 2644 Troianarnm
1606 2578 1613 2673 ζ

227 2697 332 2747 rernm
364 2685 471 2749 studio
501 2692 690 2751 tenerentur
721 2686 868 2768 maximo,
906 2688 1125 2751 assimulatum
1152 2692 1202 2750 ori
1224 2681 1326 2750 latino
1349 2684 1537 2748 vocabulum

225 2789 457 2872 auctegresiom
489 2792 538 2856 rel
573 2799 822 2870 nuetegressiam
851 2795 1009 2872 extulere,
1041 2810 1104 2874 quo
1130 2794 1174 2857 ad
1196 2783 1384 2874 'egrediendi
1407 2792 1538 2855 verbum

226 2898 331 2973 posset
353 2891 478 2964 referri.
513 2893 617 2961 Isdem
648 2893 786 2962 tortasse
808 2913 867 2978 pro
898 2915 920 2960 u
943 2896 1098 2986 reposita
1115 2881 1148 2980 o,¹
1166 2905 1203 2962 ut
1226 2898 1347 2980 lagona
1369 2895 1456 2961 dicta
1477 2908 1538 2974 pro
1608 2884 1612 2911 ¹

225 2990 360 3082 λάγυνος,
383 3007 420 3064 ut
442 2999 619 3067 Pseudolus
640 3019 700 3083 pro
722 2998 887 3072 Ψιοδὺλοι
911 2999 981 3069 Huc
1003 3010 1143 3083 pertinet
1166 3004 1255 3084 qnod
1283 3008 1436 3068 memorat
1450 2999 1539 3063 Pau·
1576 3000 1579 3005 ’

226 3104 276 3171 ius
297 3119 354 3185 pg.
377 3109 420 3170 ‘18
443 3104 487 3171 Μ.
522 3112 752 3192 nyctegresiam
789 3114 882 3188 quasi
909 3114 1152 3192 noetisurgium.
1191 3109 1238 3175 Et
1260 3108 1349 3174 Accii
1377 3105 1537 3173 tabulae

226 3210 593 3292 manumissoribus
630 3231 707 3279 usus
745 3223 794 3278 est
816 3215 946 3296 Nonius,
982 3214 1196 3297 Nyctegresia
1227 3215 1276 3279 vei
1308 3212 1538 3296 Nyctegressia

225 3315 311 3401 (nam
333 3314 463 3382 variam
484 3317 622 3397 codices)
646 3323 809 3402 inscripta.
1608 3328 1612 3403 j

290 3419 388 3488 Ouios
417 3433 643 3505 argumentum
680 3425 762 3489 idern
786 3424 857 3491 iere
894 3426 967 3504 tuit,
992 3429 1076 3507 quod
1108 3427 1207 3491 Rhesi
1229 3422 1428 3507 tragoediae,
1451 3439 1537 3501 quae

225 3524 328 3593 femur
348 3534 433 3594 inter
455 3529 661 3616 Euripideas
694 3529 927 3616 Nyctegersian
950 3536 1023 3613 quis
1045 3536 1261 3611 composuerit
1289 3535 1375 3594 inter
1397 3525 1536 3594 Graecos

226 3640 392 3705 numum.
1609 3652 1612 3661 ⁴

292 3750 562 3836 Fragmentorum
585 3748 727 3819 rationes
749 3761 786 3818 ut
807 3752 980 3836 plurimum
1001 3757 1080 3818 satis
1101 3749 1214 3818 faciles
1236 3759 1270 3817 et
1290 3750 1458 3832 expeditae
1549 3741 1551 3745 ’
1605 3734 1613 3859 'j

292 3858 400 3947 Igitur
421 3861 589 3931 arcessitos
610 3869 708 3957 ‹inees
729 3867 916 3947 adloquitur
952 3865 1002 3931 ita
1023 3865 1257 3948 Agamemnon:
1609 3874 1612 3881 ·

282 4047 285 4054 .
435 3995 527 4065 cuius
549 4017 603 4065 ros
625 4002 755 4066 tumulti
785 4019 884 4067 causa
914 3996 1063 4067 aocierinn
1094 4007 1128 4065 et
1150 4001 1228 4080 qnid
1261 4015 1370 4079 parem
1395 4002 1535 4061 animum

371 4114 373 4117 ·
1261 4104 1430 4173 advomite.
1611 4096 1613 4106 '

291 4241 374 4315 Nam
395 4254 428 4315 in
450 4263 572 4314 summo
593 4255 717 4315 temari
739 4244 885 4332 periculo
908 4263 961 4314 res
984 4244 1193 4314 Graecorum:
1271 4276 1273 4280 ·

486 4387 551 4446 mm
574 4382 710 4446 scandet
731 4398 813 4446 aura
835 4381 971 4445 laterum
995 4385 1084 4444 texta
1105 4376 1238 4445 Volcani
1261 4399 1370 4449 vorax.
1607 4434 1614 4475 4

226 4493 277 4570 ci.
302 4496 344 4570 ii.
368 4492 410 4584 X.
434 4497 476 4570 tt
499 4499 850 4587 sqq0-Peronnotento
872 4494 1005 4571 Nestore
1027 4498 1075 4571 rei
1096 4499 1347 4590 igononnone,
1369 4505 1470 4589 siquis
1498 4515 1533 4573 so
1609 4480 1614 4567 ἶ
