3284 5136
846 338 1056 407 .-17..

143 568 148 597 ;
247 558 250 563 ·
288 534 545 600 reconciliandae
568 541 652 598 inter
675 530 835 600 'iroianos
857 543 890 599 et
911 531 1050 601 Graecos
1074 545 1171 620 pacis,
1202 541 1261 604 sed
1293 547 1470 621 antequam
1491 544 1534 608 ad
1557 563 1612 626 po·

140 654 144 663 ·
247 622 250 701 Ϊ
288 643 400 728 pulum
422 641 547 710 referre
579 652 709 726 possent
739 644 779 709 de
813 662 861 720 ea.
896 646 1080 727 impeditam
1112 664 1178 712 rem
1210 647 1320 713 adlato
1343 657 1475 731 repente
1498 658 1613 719 nuntio

247 779 250 784 ·
286 746 341 832 (ci.
364 749 444 812 Non.
471 754 546 827 513,
571 754 629 827 24)
651 751 691 813 44
713 751 834 814 auxilio
856 753 1030 831 insperato.
1062 751 1143 816 'l'um
1167 760 1271 832 ipsum
1303 755 1417 821 durem
1455 764 1613 822 sociorum

179 941 182 946 Β
287 873 441 923 nouorum
465 857 642 922 advenisse.
675 854 746 938 Quo
780 855 865 922 laeto
900 865 1079 923 recusatam
1115 875 1228 923 rursus
1261 877 1384 942 pacem;
1418 859 1555 929 lortasse
1579 872 1613 931 ot

245 946 251 1032 ἶ
288 981 369 1029 nora
391 964 518 1044 proelia
540 969 691 1027 conserta
714 971 747 1028 et
770 970 895 1045 partem
919 965 1188 1030 hnmnomdarum
1217 965 1374 1032 haustam.

140 1060 145 1127 ζ
246 1069 251 1122 ἑ
354 1070 392 1135 14
414 1066 476 1135 fine
499 1078 608 1134 autem
631 1067 763 1135 iabulae
787 1075 895 1153 potuit
917 1069 1059 1151 praedici
1080 1072 1245 1144 divinitus,
1262 1069 1331 1137 lore
1352 1083 1388 1137 ut
1402 1080 1508 1140 excisa
1516 1075 1613 1144 Troia

141 1160 145 1193 ³
246 1254 249 1259 ¹
289 1177 433 1242 Antenor
455 1178 562 1254 (euius
584 1175 714 1254 quidem
739 1181 771 1237 in
796 1173 962 1255 Sophoclis
989 1183 1113 1256 pariter
1144 1184 1178 1240 et
1210 1179 1300 1241 hecti
1328 1175 1442 1244 tabula
1477 1188 1613 1263 exiguae

246 1278 253 1353 ‚'
287 1283 440 1346 ridentur
460 1279 559 1345 luisse
583 1287 705 1362 partes)
728 1297 800 1345 cunr
823 1286 901 1358 suis,
915 1282 1000 1362 quod
1023 1276 1145 1362 optime
1171 1292 1276 1348 essent
1299 1283 1406 1349 meriti
1428 1283 1468 1349 de
1491 1287 1613 1369 populo

245 1415 249 1421 ’
288 1399 438 1470 utroque,
450 1396 659 1453 servarentur
681 1396 715 1452 et
746 1397 780 1453 tn
803 1389 917 1473 Illyria
949 1386 1004 1468 (ci.
1029 1387 1132 1472 Verg.
1160 1390 1240 1456 Aen.
1264 1390 1291 1470 Ι,
1314 1394 1378 1455 242
1402 1409 1474 1456 cum
1496 1408 1612 1456 oomni.

245 1482 250 1585 J
288 1492 394 1578 Serv.)
418 1513 515 1560 novas
538 1497 713 1560 conderent
735 1497 838 1560 sedes.

245 1604 251 1636 '-
354 1600 520 1681 Deiphobo
543 1608 643 1665 ctiam
667 1609 704 1662 ut
727 1601 940 1664 Antenoridis
962 1618 1015 1663 res
1037 1601 1154 1665 Troiae
1177 1606 1211 1663 in
1232 1609 1387 1666 extremis
1401 1611 1532 1684 agentis
1555 1608 1614 1672 de·

245 1736 248 1743 ·
287 1710 386 1774 scribi
409 1713 559 1788 apparet.
584 1705 665 1771 Nam
687 1712 884 1773 memoratus
907 1706 953 1770 ibi
974 1722 1078 1787 equus
1101 1706 1240 1790 ligneus;
1263 1707 1315 1772 cui
1350 1713 1541 1793 inscriptum
1564 1709 1615 1777 lu·

245 1864 250 1901 ;
289 1819 350 1877 isse
372 1812 476 1876 tradit
499 1810 617 1875 Accius
639 1810 726 1872 hunc
754 1826 893 1874 vorsum:

447 1956 605 2019 abeuntes
628 1950 732 2016 Danai
756 1950 925 2016 llincrrao
947 1952 1065 2016 donum
1088 1960 1296 2034 armipotentt
1319 1957 1441 2022 dicant.

246 2141 276 2173 t.
353 2096 451 2162 Porro
473 2102 600 2176 capiam
622 2092 749 2158 Troiam
775 2092 981 2172 Helenaeque
1004 2102 1038 2156 et
1060 2095 1124 2166 die,
1140 2101 1196 2175 qui
1208 2106 1435 2176 praecesserat.
1461 2106 1612 2176 etnocte‚

246 2188 249 2265 ἕ
288 2220 369 2283 quae
384 2209 529 2265 extrema
544 2199 706 2278 luiturbi‚
731 2200 819 2263 dolos
851 2206 884 2262 et
914 2201 1057 2279 insidias,
1089 2200 1210 2279 quibus
1234 2209 1340 2281 ipsum
1366 2209 1452 2284 cepit
1473 2203 1612 2284 Deipho-

142 2302 146 2309 '
245 2381 250 2395 ¹
287 2309 363 2373 bum
386 2304 438 2388 (ci.
465 2306 547 2372 Aen.
570 2304 625 2381 vi,
649 2309 717 2369 494
740 2310 836 2386 sqq.)‚
861 2305 964 2368 relata
987 2313 1134 2386 apparet.
1624 2337 1626 2340 >

245 2450 249 2499 :
354 2413 442 2492 Quae
465 2412 625 2492 leguntur
648 2411 735 2490 apud
759 2408 898 2475 Nonium
920 2427 978 2492 pg.
1006 2412 1070 2474 534
1092 2429 1117 2476 s
1143 2412 1166 2475 l.
1190 2412 1327 2489 lembus,
1341 2430 1415 2477 cum
1429 2416 1615 2481 comoediae

245 2518 249 2609 j
289 2524 395 2601 magis
417 2533 513 2598 quarn
538 2515 727 2599 tragoediae
751 2522 830 2598 apta
852 2532 919 2580 csse
944 2515 1115 2581 rideantur
1138 2534 1277 2598 eumque
1300 2524 1353 2582 rix
1384 2519 1539 2585 credibile
1567 2526 1612 2587 sit

245 2614 250 2697 ζ
288 2621 438 2686 Sinonem
461 2626 494 2682 ln
518 2621 594 2684 ulra
632 2627 760 2683 marina
797 2617 965 2683 delituisse
1002 2622 1098 2702 longo
1120 2624 1162 2684 ab
1184 2640 1223 2685 eo
1245 2625 1325 2703 ioco,
1361 2624 1418 2687 ubi
1444 2641 1549 2702 equus
1573 2629 1613 2690 li·

288 2746 391 2813 gneus
413 2734 487 2794 erat
508 2732 644 2809 positus,
668 2732 704 2790 ut
726 2743 801 2790 casu
837 2727 1049 2793 inveniendus
1079 2735 1163 2792 esset
1194 2733 1357 2809 piscatori,
1379 2746 1400 2793 a
1423 2745 1485 2811 quo
1508 2729 1615 2797 detec-

141 2864 145 2929 3
288 2841 358 2897 tum
383 2841 478 2914 putat
500 2833 705 2912 diotericus,
728 2849 789 2895 non
812 2840 861 2897 est
881 2832 1093 2925 improbabile
1116 2849 1156 2898 ex
1177 2823 1347 2898 comoedia
1366 2835 1478 2914 aliqua
1499 2841 1614 2916 petita,

141 2958 145 2975 ·
245 2980 248 3027 ;
291 2940 449 3003 decianae
471 2946 580 3001 autem
604 2937 762 3017 Deiphobi
783 2939 886 3001 locum
920 2956 991 3002 curn
1015 2945 1140 3003 nomine
1170 2946 1282 3004 cornici
1312 2946 1540 3019 interceptum.
1564 2937 1614 3006 De

140 3084 145 3130 ς
246 3046 251 3091 ἓ
288 3060 352 3123 quo
373 3045 494 3106 dictum
517 3048 549 3105 in
573 3042 821 3106 commentariis.
846 3042 973 3107 Sinonis
995 3051 1082 3124 capti
1103 3042 1140 3108 lit
1164 3039 1283 3109 mentio
1305 3062 1402 3108 versu
1423 3061 1518 3125 quem
1543 3061 1616 3110 ser·

135 3166 139 3215 e
246 3178 254 3187 =·
289 3157 376 3214 ravit
407 3152 560 3216 Priscian.
599 3163 656 3230 pg.
690 3150 768 3226 8613
794 3150 855 3212 904
890 3166 917 3212 s.
950 3168 978 3212 r.
1002 3165 1095 3217 nero.
1132 3149 1164 3213 A
1186 3147 1304 3215 Sinone
1343 3147 1449 3215 Vlixis
1487 3151 1612 3218 seelera

246 3235 250 3332 ἓ
289 3255 501 3336 exagitantur
523 3255 591 3318 iooo
612 3271 634 3317 a
658 3252 760 3318 Nonio
781 3255 883 3318 allato
908 3256 983 3332 314,
1010 3258 1061 3321 18.
1083 3251 1239 3321 othon.
1267 3255 1311 3336 11,
1334 3256 1378 3321 90
1400 3273 1471 3337 sqq.

140 3000 145 3045 ι

134 3148 145 3335 i

133 3392 143 3495 i
246 3417 250 3495 ξ

132 3482 145 3655 t
564 3490 569 3499 '
801 3489 873 3555 XV.
947 3498 1080 3575 digena.

131 3656 144 3723 i

246 3652 250 3731 ἶ
354 3673 469 3748 Nimio.
494 3682 584 3754 puto.
609 3692 684 3738 usus
721 3671 852 3738 fastidio
886 3677 1083 3740 Ribbecliius
1115 3692 1172 3757 pg.
1195 3680 1260 3739 483
1284 3673 1449 3755 Sophoclis
1472 3676 1613 3760 Antigo-

246 3772 252 3873 ζ
288 3797 374 3859 nam,
396 3796 527 3842 carmen
549 3780 830 3855 absolutissimum,
870 3780 1012 3843 barbara
1044 3782 1311 3858 interpretatione
1333 3777 1544 3846 deformatum
1565 3784 1611 3848 ab

129 3902 133 3912 ·
246 3886 256 3939 'i
288 3885 388 3949 Accio
409 3889 537 3947 statutt„

246 4018 252 4069 2
353 3989 419 4054 Nec
442 3989 527 4054 enim
550 3996 584 4053 in
606 3985 799 4070 fragmentis
822 4003 909 4066 quae
931 3994 1044 4051 extant
1067 3988 1269 4067 paucissimis
1291 3990 1361 4071 (sor
1375 3992 1612 4068 suntnumero)

128 4118 132 4138 ¹
247 4104 252 4161 ἑ
287 4089 465 4170 invenitur,
490 4097 576 4174 quod
607 4090 737 4156 crimini
770 4093 960 4155 vertendum
992 4098 1035 4154 sit
1057 4098 1098 4156 ei.
1122 4089 1222 4155 Porro
1245 4109 1286 4158 ne
1309 4091 1367 4156 hoc
1387 4095 1517 4173 quidem
1539 4110 1611 4158 cer·

247 4219 251 4283 5
288 4208 368 4276 tuni,
391 4202 493 4264 solum
531 4198 728 4280 Sophoclem,
766 4206 857 4263 cuius
890 4213 968 4262 sane
1002 4196 1138 4262 tristitia
1176 4204 1282 4262 exitus
1318 4206 1436 4279 aequat
1465 4214 1609 4284 carmon,

248 4374 251 4379 ,
287 4305 433 4386 exemplo
454 4302 552 4369 fuisse
580 4302 687 4368 Accio.
711 4304 849 4370 Potuere
871 4301 1030 4382 quaedam
1053 4301 1140 4366 trahi
1168 4302 1212 4365 ab
1234 4300 1400 4383 Euripidis
1421 4300 1535 4367 tabula
1556 4316 1610 4369 oo-

124 4428 129 4481 ?
246 4382 252 4481 ἶ
288 4418 443 4495 gnomin1,
466 4419 520 4477 oui
542 4409 705 4476 diversum
726 4417 761 4476 et
787 4411 920 4490 quidem
951 4408 1072 4474 laetum
1093 4407 1189 4474 linem
1209 4403 1308 4484 luisse
1323 4415 1487 4474 testantur
1507 4407 1608 4477 schol.

122 4528 131 4631 ζ
247 4550 253 4604 ;
292 4516 404 4602 dntig.
428 4515 525 4600 Sopb.
550 4535 582 4582 r.
608 4518 707 4596 136ος
723 4511 764 4582 ci.
789 4521 822 4580 et
843 4520 1075 4599 argumentum
1098 4486 1270 4582 eiusdem(
