3284 5136
134 398 140 483 ,f
197 416 443 507 Alphesibocam
467 437 565 503 supra
588 421 775 503 memorari)
798 438 819 486 a
842 420 1000 487 iratribus
1022 436 1108 487 arca-
1122 423 1276 486 inclusam
1311 431 1345 486 et
1366 424 1409 487 ad
1433 423 1522 506 Aga·

132 556 138 593 t
198 545 318 610 penora
340 528 503 613 Tegeates
526 531 744 610 deportatam.

131 665 135 701 ;
264 632 302 700 In
325 630 418 702 Accii
442 634 565 717 fabula,
591 636 618 702 si
640 645 728 702 recte
749 644 921 702 constituta
943 647 1017 702 sunt
1040 656 1061 701 a
1084 633 1175 702 nobis
1197 654 1281 718 quae
1298 638 1455 722 leguntur
1467 656 1522 722 ap.

131 790 136 842 t
198 740 281 809 Non.
303 760 360 826 pg.
388 748 429 809 te
453 763 480 808 s.
507 745 528 812 l.
552 741 796 827 angustiatam,
820 747 972 827 spelunea
995 740 1124 810 ridetur
1146 740 1238 812 iussn
1259 747 1379 816 claudi:

303 875 353 934 set
375 871 558 951 speluncam
582 877 783 954 angustitate
807 865 968 934 inclusam
992 853 1030 933 ac
1052 864 1141 932 souis
1162 871 1355 951 squalidam.

129 1024 134 1073 ἑ
264 1013 367 1078 Abest
387 1030 409 1076 a
431 1008 598 1078 codicibus
620 1009 703 1078 iliud
731 1013 969 1096 ‚speluncam
993 1008 1175 1078 Praecessit
1198 1023 1234 1077 nt
1255 1024 1343 1096 puta:
1363 1023 1445 1100 „min
1461 1035 1523 1083 non

128 1118 132 1189 Ξ
198 1121 302 1185 incolo
324 1116 499 1185 humanam
522 1121 685 1185 domum‘.

127 1218 131 1271 ἶ
264 1229 315 1296 Ad
338 1222 485 1290 miserias
505 1229 647 1290 eiusdem
671 1229 748 1306 puto
769 1232 944 1305 pertinere.
974 1233 1156 1304 quaesunt
1178 1242 1229 1320 ap.
1254 1226 1336 1291 Non.
1363 1246 1418 1312 pg.
1442 1231 1522 1312 4693

126 1378 132 1423 ;
199 1338 262 1402 ite
287 1352 315 1399 s.
341 1335 364 1399 i.
387 1342 549 1414 cunctant3
583 1337 754 1416 deponere.
791 1332 915 1400 Deinde
954 1340 1136 1400 interventu
1176 1335 1387 1419 Amphilochi,
1411 1333 1524 1407 fratrs

125 1436 131 1493 i
197 1436 390 1524 Alcmeonis,
412 1443 541 1506 ridetur
563 1437 718 1505 ultionem
742 1440 899 1523 exegisse.
925 1442 973 1506 Ac
995 1448 1132 1521 primum
1157 1445 1285 1521 quidem
1322 1461 1394 1509 cum
1416 1463 1522 1511 acces·

197 1541 291 1613 sisset
313 1547 377 1624 bic,
401 1554 517 1614 metuit
540 1566 580 1612 ne
601 1565 720 1630 poenas
742 1564 764 1611 n
785 1564 819 1612 se
843 1549 1111 1628 repeteret.quod
1128 1544 1247 1614 iratres
1261 1551 1311 1615 sni
1330 1568 1428 1617 musa
1442 1547 1525 1618 exti-

123 1646 127 1691 s
199 1657 314 1719 tissent
334 1649 428 1719 exitii
451 1655 627 1753 Alcmeont:

303 1787 340 1846 at
362 1798 571 1861 nemeaeum
594 1789 627 1848 tc
649 1799 718 1847 esse
742 1776 925 1847 Alcmeonis
946 1778 1084 1848 fratrem
1110 1777 1206 1847 iactis
1227 1784 1369 1850 dedicat.

121 1917 125 1987 3
153 1938 156 1945 ⁴
179 1974 187 1989 .
261 1919 326 1991 Vbi
347 1931 511 2008 suspicere
534 1934 593 1991 aut
616 1923 712 1991 Nonii
739 1935 869 2008 stupore
892 1932 1011 1993 omissa
1047 1942 1157 1992 versus
1179 1926 1342 2009 sequentis
1364 1927 1522 2009 quaedam

120 2034 124 2105 ζ
198 2031 299 2098 veluti
327 2048 396 2111 ,res
419 2030 522 2113 ipsa·,
546 2043 607 2098 aut
642 2034 861 2112 scribendum,
887 2041 923 2096 ut
954 2035 1087 2113 quidam
1105 2037 1191 2116 apud
1215 2035 1429 2099 Ribbeclium
1450 2052 1522 2098 con·

166 2166 169 2171 ·
198 2145 283 2217 iecit,
320 2134 502 2223 „dedicas·.
526 2139 670 2206 Eundem
694 2136 788 2225 tangi
811 2136 936 2208 dixeris
959 2135 1060 2205 hisce:

579 2267 636 2330 sed
660 2260 720 2329 tibi
742 2269 895 2331 cautimst
917 2267 1101 2330 adeundum
1123 2267 1166 2329 nd
1190 2261 1309 2331 virum.

267 2383 391 2452 Deinde
400 2391 443 2454 ad
466 2384 670 2454 excitandum
694 2402 728 2454 et
749 2391 981 2457 incendendum
1003 2384 1192 2472 pertinuere
1226 2392 1316 2459 haee:

411 2530 482 2580 cum
507 2510 603 2598 ipsiu'
627 2521 733 2581 simitu
758 2518 944 2582 miseritudo
966 2533 1109 2582 meorum
1134 2517 1255 2582 nullast
1276 2513 1433 2586 liberunt

158 2716 173 2727 ,Ι
267 2639 319 2703 Ad
343 2639 444 2706 filium
471 2636 664 2718 Alcmeonis,
687 2660 781 2723 quem
815 2640 958 2725 Clytium
998 2651 1092 2708 vocat
1130 2645 1307 2708 Pausanias
1343 2640 1401 2720 VI,
1428 2649 1523 2722 17,6

115 2778 120 2802 2
199 2739 305 2810 nescio
326 2763 366 2810 nn
390 2755 568 2830 spectarint
583 2748 672 2814 haec:

409 2878 438 2935 si
460 2879 509 2935 itti
533 2882 665 2934 veretur
687 2880 719 2934 te
742 2867 972 2953 progenitoris,
995 2871 1082 2936 cedoi

198 3009 282 3072 quae
303 2989 351 3061 sic
363 2996 438 3060 inet
449 2998 563 3077 accipi:
588 2999 653 3073 dic,
679 3015 738 3077 per
760 3002 943 3076 memoriam
966 3001 1018 3060 ari
1043 3001 1091 3057 tui
1116 2992 1316 3074 Amphiarai,
1341 2988 1397 3075 qui
1419 3013 1521 3061 causa

197 3096 308 3165 extitit
339 3119 483 3184 casuum,
521 3098 641 3183 quibus
678 3105 790 3168 domus
824 3099 1034 3168 conflictatur
1066 3107 1149 3179 eins,
1186 3116 1271 3182 quae
1300 3104 1341 3166 de
1363 3099 1520 3166 iratribus

109 3214 115 3263 .’
197 3206 432 3288 Alphesiboeae
455 3211 604 3290 (quorum
639 3220 727 3276 metu
765 3227 837 3274 cum
875 3203 1002 3292 fugisse
1036 3203 1195 3288 Psophide
1218 3204 1319 3273 refert
1341 3205 1520 3274 Pausanias

197 3313 220 3381 i.
243 3317 301 3396 nn.)
323 3308 384 3379 tibi
406 3319 584 3384 innotuere.
609 3316 791 3381 Alcmeonis
814 3313 928 3381 fratris
960 3313 1113 3378 uidentur
1135 3330 1203 3379 esse
1225 3299 1397 3381 caterba
1422 3314 1519 3379 Deni-

109 3418 113 3457 ²
197 3436 261 3500 qne
283 3427 489 3502 anapaestiea
510 3424 580 3490 illa:

408 3543 621 3628 cdirunrque
643 3543 884 3628 hostificumquc
913 3543 1012 3626 diem,
1036 3565 1055 3611 o

407 3659 470 3717 rim
494 3659 618 3716 torvam
640 3661 762 3734 aspecti
784 3665 884 3732 atque
905 3651 1107 3717 horribilem!

104 3758 111 3871 ξ
196 3775 239 3839 ad
260 3780 404 3858 stragem
431 3773 671 3842 interfectorum
709 3777 753 3842 ab
775 3774 980 3858 Amphilocbo
1013 3772 1151 3840 fratrum
1189 3773 1421 3856 Alphesiboeae
1443 3791 1517 3856 pos·

104 3878 108 3943 ζ
194 3890 270 3944 sunt
290 3879 417 3950 referri.

585 4066 627 4135 ic
650 4061 932 4150 X1.Amphitrpo.
960 4061 1128 4130 Persidae.

100 4308 106 4349 ,ι
261 4251 309 4318 De
335 4226 573 4336 Amphitryonis
596 4251 715 4330 bunia,
739 4268 835 4332 quam
858 4251 994 4315 eandem
1027 4242 1148 4314 conicit
1170 4264 1240 4312 esse
1261 4264 1332 4311 cum
1356 4245 1511 4330 Persidis,

99 4362 105 4449 j
194 4376 235 4427 ex
257 4355 325 4444 qun
346 4361 516 4446 tragoedia
558 4361 663 4426 iocum
698 4359 857 4440 quendam
897 4372 1094 4421 communem
1129 4352 1224 4421 affert
1245 4355 1430 4421 Priscianus
1450 4370 1508 4437 pg.

98 4453 105 4539 i
196 4470 281 4533 1³26
305 4465 342 4543 P,
365 4462 446 4531 mibi
467 4483 529 4530 non
552 4471 659 4548 magis
680 4472 806 4530 constat
826 4480 924 4544 quam
947 4461 1131 4527 Ribbeclio.
1157 4461 1224 4526 Nec
1246 4463 1278 4525 id
1294 4457 1422 4543 mirum,
1436 4477 1509 4525 cunt
1550 4502 1554 4510 ·
