3284 5136
667 331 876 405 „30-

121 546 164 606 slt
184 556 241 622 pro
269 533 418 621 ,timere⁸
444 538 490 620 (ld
514 531 600 601 enim
631 551 652 600 ιι
682 528 775 600 nobis
808 529 1000 616 restitutum,
1026 537 1124 619 vulgo
1159 550 1218 616 pro
1238 550 1276 599 eo
1299 528 1433 614 ponitur

126 640 332 723 ,retinere·),
356 639 454 708 etium
481 646 585 704 minus
615 645 692 721 apte
715 640 815 703 rerba
847 655 946 720 supra
967 635 1133 719 adscripta
1155 634 1372 719 explicantur,
1397 646 1434 703 ut
1515 638 1520 695 ι

120 746 170 819 illi
192 743 326 833 placuit.
339 745 432 835 ,Sunt
454 741 564 829 potius
585 740 688 827 ipsius
711 739 893 812 Alcmeonis
924 739 1118 811 affirmantis
1153 742 1360 810 Thersllocbo
1383 738 1434 808 in·
1517 782 1520 831 ι

119 853 218 924 stanti
240 875 274 922 se
296 851 394 921 nullis
416 847 599 919 terroribus
621 869 660 917 ac
691 847 788 916 furiis
822 868 913 932 posse
945 847 1085 933 impelli,
1122 860 1159 916 ut
1181 855 1297 934 parcet
1320 845 1429 916 matri.

1515 436 1520 516 i

1514 594 1520 779 i

1514 834 1521 959 l

119 959 168 1030 lbi
190 957 361 1030 dubitandl
383 960 524 1040 verbnm,
547 966 582 1023 ut
596 952 760 1024 interdum
772 956 817 1040 fit,
831 958 1005 1024 adnnentls
1026 952 1244 1039 potiusquam
1261 950 1432 1024 abnuentis
1448 991 1451 996 ·
1516 998 1521 1055 i

117 1064 301 1134 adhibitum
323 1083 434 1143 sensu3
473 1061 558 1131 siem
588 1066 677 1146 apud
708 1059 856 1129 Tacitum
894 1065 1011 1129 dnnal.
1026 1063 1095 1143 lV,
1121 1070 1162 1130 67
1192 1081 1282 1146 ,nam
1305 1057 1433 1128 dubita·
1514 1062 1521 1167 l

118 1178 211 1238 rorat
233 1170 400 1254 Augustus
421 1162 743 1235 Germanicum-rei
767 1168 932 1234 Romanae
954 1167 1149 1249 imponeret

183 1278 352 1341 Perstante
386 1271 419 1338 in
451 1281 611 1354 proposito
627 1273 831 1342 ,Alcmenae
848 1292 910 1338 non
945 1276 1073 1339 videtur
1105 1268 1201 1337 minis
1233 1281 1430 1353 temperasse
1516 1222 1521 1361 Ξ

118 1382 347 1458 Τὴοιειιιιᾱιιιι,
381 1388 408 1445 sl
439 1381 532 1445 modo
564 1388 651 1445 recte
688 1376 822 1445 anobis
854 1375 1016 1462 restituta,
1042 1397 1127 1462 quae
1161 1377 1314 1445 feruntur
1343 1377 1427 1445 Non.
1516 1408 1520 1481 ι

117 1503 174 1570 pg.
199 1490 262 1552 842
285 1503 312 1551 e.
335 1488 361 1551 l.
386 1493 538 1550 mactare:
1161 1549 1163 1553 ,

327 1609 389 1678 mei
412 1607 449 1690 (i.
472 1627 500 1675 e.
523 1605 618 1694 mihi)
641 1626 724 1674 nunc
745 1602 845 1674 adsis!
869 1625 912 1674 an
945 1616 977 1674 te
995 1605 1094 1674 exilio
1114 1612 1251 1675 mactem
1274 1625 1311 1673 ec
1333 1603 1429 1673 terris

1516 1570 1520 1597 ι

1516 1632 1520 1687 l

1167 1708 1324 1793 Pelopiis?
1413 1716 1415 1719 ’

183 1837 385 1921 Οιιῑοηιιιιο
407 1855 428 1901 a
450 1833 542 1903 nobis
563 1832 704 1916 reddita,
729 1854 826 1919 quam
850 1830 981 1902 minimo
1004 1832 1127 1902 distant
1141 1831 1313 1902 intervallo
1328 1853 1348 1901 a
1363 1853 1429 1899 me·
1515 1821 1520 1927 j

53 2006 56 2010 ,
118 1939 220 2010 moria
256 1940 414 2010 codicum.
455 1941 506 2008 Ol.
530 1960 639 2009 comm.
670 1948 703 2007 ln
726 1943 761 2010 b.
784 1938 962 2026 l.—lgitur
988 1936 1080 2006 eallii
1102 1958 1236 2023 poenam
1260 1934 1430 2005 minitatur

118 2050 340 2116 Thessandrus
362 2046 560 2130 adversanti,
585 2046 647 2114 nisi
670 2050 834 2115 concedat.

182 2155 233 2223 Ita
256 2161 359 2221 tracto
382 2171 527 2220 sermone
561 2149 632 2219 finis
654 2152 690 2220 fit
717 2150 837 2240 agendi
856 2148 992 2219 ducibus
1014 2147 1121 2218 subito
1148 2146 1429 2236 appropinquante

121 2259 339 2344 dmpbilocb03
371 2279 465 2343 quem
498 2269 644 2342 sequitur
667 2258 866 2342 expeditioni
896 2258 1057 2325 ineundae
1090 2256 1220 2325 minime
1254 2254 1352 2323 fnisse
1374 2275 1430 2323 ae·
1480 2302 1485 2317 ι
1505 2294 1550 2341 „3

118 2384 226 2450 quum,
264 2367 344 2433 bant
384 2369 480 2433 dnble
514 2369 598 2449 ldeo,
637 2369 724 2449 quod
761 2362 865 2449 primo
888 2365 956 2431 loco
990 2360 1189 2448 puniendam
1227 2359 1431 2430 existimaret

117 2482 261 2540 matrem

325 2596 381 2661 sed
404 2589 469 2661 iam
494 2588 738 2676 amphilochum
761 2555 823 2660 buc
845 2594 966 2660 radere
988 2607 1086 2659 cerno
1110 2597 1144 2656 et

326 2697 418 2764 nobis
441 2697 574 2764 denitur
596 2718 700 2782 pausa
723 2702 873 2778 loquendi

328 2813 515 2887 tempusque
537 2800 571 2869 in
594 2812 702 2870 castra
722 2799 853 2871 revorti.

184 2944 230 3011 De
253 2963 347 3014 uersu
370 2949 487 3028 medlo,
512 2943 546 3012 in
569 2964 632 3028 quo
656 2944 873 3013 vetustissima
904 2947 1089 3028 corruptela
1121 2960 1182 3027 pro
1209 2940 1319 3025 ,nobis
1340 2946 1432 3010 danl-
1513 2910 1517 2994 f

118 3052 191 3117 tur‘
217 3055 341 3137 legitur
378 3049 462 3119 illud
493 3050 602 3135 ,nobis
638 3056 736 3119 datur
773 3056 874 3120 bona·
900 3055 987 3135 apud
1010 3048 1147 3118 Nonium
1184 3058 1308 3133 pariter
1332 3060 1430 3133 atque

117 3151 311 3238 charisium,
335 3154 377 3223 ci.
403 3174 515 3222 comm.
538 3153 572 3222 in
595 3158 678 3224 Non.
706 3163 779 3239 158,
801 3166 834 3229 8.

184 3260 235 3326 lla
257 3272 329 3326 cum
352 3280 403 3327 res
426 3281 540 3344 parum
556 3266 748 3342 procederet
763 3259 929 3347 Epigonis,
943 3281 1056 3345 preces
1071 3257 1222 3328 ridentur
1237 3257 1372 3328 vertisse
1385 3263 1428 3328 ad

120 3358 321 3446 Eriphylam,
346 3383 442 3448 quam
472 3369 657 3431 mnnerlbus
689 3356 829 3448 captam,
851 3373 935 3432 sicut
956 3375 1032 3432 ante
1063 3365 1196 3446 factum,
1219 3383 1290 3431 cnm
1312 3373 1429 3431 marito

120 3486 216 3536 causa
240 3470 334 3537 heret
355 3467 452 3537 eundi
474 3474 517 3537 ad
541 3472 675 3551 bellum,
699 3475 742 3539 ab
764 3476 866 3539 isdem
902 3469 999 3539 etiam
1023 3490 1078 3553 spe
1106 3467 1235 3552 depulsi
1260 3476 1320 3538 aut
1342 3481 1429 3538 certe
1488 3472 1516 3541 ⁴2

120 3571 215 3669 dilati
236 3572 271 3640 in
293 3579 425 3662 longum
448 3585 573 3658 tempus
608 3573 745 3658 periculi
782 3574 951 3661 probabile
990 3585 1038 3643 est
1060 3585 1260 3660 temptatam.
1283 3576 1367 3643 Sane
1387 3579 1429 3642 de

120 3680 169 3741 hls
191 3678 238 3743 nil
259 3679 415 3744 traditum
439 3685 472 3744 ln
494 3679 644 3760 reliquiis
667 3683 834 3764 Epigonon
857 3683 1024 3763 Sophoclis
1046 3683 1095 3746 rel
1108 3679 1209 3749 Accii.
1224 3683 1289 3747 Sed
1304 3693 1429 3746 utrum·
1512 3668 1516 3757 ξ

120 3797 182 3862 que
205 3789 241 3847 ut
262 3790 441 3851 statuamus
463 3802 516 3850 res
537 3780 610 3868 ipsa
633 3781 734 3872 cogit,
757 3790 784 3854 si
808 3793 897 3853 recte
918 3802 1018 3869 supra
1032 3805 1052 3852 a
1067 3781 1158 3852 nobis
1175 3786 1428 3853 demonstratum

119 3893 169 3951 est
194 3899 422 3971 argumentum
445 3894 641 3974 tragoedlae.

188 3991 309 4059 Contra
345 4000 475 4058 serrata
511 4002 586 4059 sunt
621 3998 780 4076 quaedam
813 4012 853 4061 ex
891 4014 1035 4063 sermone
1074 3998 1117 4061 ab
1140 3993 1308 4081 Eriphyla,
1345 4011 1427 4079 quae

120 4103 255 4178 propter
277 4095 338 4163 filil
360 4093 502 4164 animum
524 4117 670 4165 aversum
708 4101 834 4182 pariter
868 4111 966 4184 atque
993 4099 1128 4169 consilia
1157 4108 1279 4168 lncerta
1308 4105 1428 4169 ducum
1510 4106 1515 4179 ξ

121 4209 198 4289 tam
230 4208 380 4286 temporis
403 4202 491 4270 haud
500 4205 653 4271 mediocri
673 4199 864 4290 agitabatur
885 4223 1018 4293 angore,
1041 4224 1113 4274 oum
1136 4205 1329 4277 Demonmsa
1346 4205 1426 4290 dila,
1509 4212 1515 4295 ξ

120 4308 239 4376 delnde
268 4328 340 4376 cum
362 4312 533 4378 Alcmeone
554 4317 624 4392 lpso
647 4310 770 4378 habitos

259 4432 356 4512 ¹qnld
378 4428 473 4514 istuc,
495 4441 599 4519 gnata
621 4429 728 4515 unica,
756 4443 816 4516 est,
839 4433 1044 4519 Demonassa,
1069 4440 1227 4520 obsecro,

280 4538 366 4618 qnod
387 4554 440 4643 me
461 4577 474 4599 .
503 4545 655 4623 expetens
678 4535 825 4604 timidam
846 4557 867 4605 e
887 4548 973 4607 tecto
993 4547 1114 4612 enetos?
