3284 5136
796 301 1007 372 ...27-

888 605 928 672 V.

399 724 505 788 neque
537 713 707 789 quisquam
730 727 751 774 n
773 708 845 775 ielis
868 726 1002 791 rnouus;
1026 709 1082 774 sed
1104 703 1156 773 uti
1177 723 1263 788 queo
1285 704 1413 771 ebriam

401 811 542 894 fuerent,
565 812 686 879 ferrum
708 816 792 895 eliis,
815 819 891 882 niiis
912 823 982 882 sexi
1004 818 1126 881 rnndns
1148 825 1207 880 esi.

220 928 223 932 ’
309 935 487 1022 Descriptio
509 934 662 1006 eomitum
696 937 827 1026 Pelopis
862 959 935 1010 enm
957 947 1049 1025 petro
1085 938 1128 1006 nd
1151 933 1327 1004 iurandum
1350 927 1565 1021 chrysippum

153 1048 157 1111 i
241 1043 452 1110 tendentium.

312 1148 381 1217 inii
403 1160 512 1219 autem
536 1159 690 1219 amatoris
726 1151 913 1239 chrysippi,
938 1171 960 1220 n
983 1171 1045 1235 quo
1067 1160 1196 1236 ruptum
1226 1149 1322 1233 huno,
1345 1147 1404 1212 sod
1425 1162 1447 1211 e
1469 1152 1566 1227 putre

241 1265 469 1338 recuperatum
491 1261 593 1325 tradit
615 1260 736 1345 Hygin.
762 1258 825 1326 inb.
849 1263 904 1337 ei,
928 1274 1087 1341 quomque
1125 1266 1195 1340 post
1225 1256 1410 1331 obductum,
1432 1254 1490 1318 sed
1513 1267 1566 1317 re·

148 1351 157 1469 ζ
240 1371 405 1444 peruium
430 1363 645 1452 Chrysippum
668 1371 711 1434 nb
733 1367 948 1451 Hippodnmia
971 1363 1055 1434 fulsit
1069 1363 1246 1449 suspicione
1262 1360 1566 1444 onedischrystppi,

150 1518 175 1547 „
242 1483 340 1546 qnam
362 1478 435 1554 ipsa
457 1480 651 1555 putrorernt,
684 1472 808 1539 frustra
839 1481 974 1556 petitum
1012 1467 1113 1536 refert
1136 1470 1305 1535 Dositheus
1327 1463 1426 1548 (niso
1449 1463 1566 1533 erese

147 1563 152 1623 .'
243 1571 360 1658 fragm.
384 1580 437 1643 od.
464 1580 617 1647 Muelleri
640 1578 699 1658 IV,
716 1584 793 1658 402,
807 1581 854 1665 7),
869 1596 1029 1661 nnmqnae
1052 1584 1161 1658 paries
1182 1573 1305 1643 fuerint
1329 1576 1417 1658 opud
1434 1573 1567 1642 Aonium

147 1682 150 1767 j
243 1680 338 1763 pinno
357 1683 559 1766 ignoramus.

757 1893 879 1961 xxiii.
908 1893 1085 1959 Diomedes.

310 2075 463 2142 Diomede
485 2079 655 2159 tragoedia
677 2080 811 2142 eundem
834 2077 933 2143 Oenei
954 2094 975 2144 n
997 2075 1154 2142 Diomede
1177 2085 1289 2157 nepote
1309 2076 1445 2157 depulso
1462 2073 1568 2159 ngrro

143 2189 147 2249 ξ
245 2182 388 2248 restituti
422 2180 565 2249 {obuiam
602 2193 789 2265 persecutns
812 2192 861 2250 est
883 2184 1011 2264 Acrius,
1043 2201 1139 2264 quam
1173 2179 1331 2249 Periboea
1366 2187 1568 2248 tnnotsrernt

142 2270 146 2309 ²
245 2283 412 2353 Pnnurius
437 2285 502 2353 Sed
525 2303 610 2368 quae
632 2296 744 2353 extent
775 2286 960 2372 fragmenta
996 2306 1128 2354 numero
1149 2288 1214 2353 XII
1237 2305 1299 2352 non
1324 2290 1462 2353 mulium
1484 2285 1567 2352 inei·

141 2386 145 2473 ξ
246 2402 305 2458 unt
326 2395 369 2459 sd
392 2401 624 2477 argumentum
648 2393 884 2462 illustrandum.
909 2395 978 2460 Non
1001 2403 1138 2462 eiectum
1159 2396 1204 2461 nb
1218 2392 1432 2480 ngrioiratre
1445 2390 1565 2485 Oeneo,

245 2501 282 2561 ut
301 2498 388 2578 apud
425 2498 609 2574 Pacuvium,
648 2500 704 2563 sed
741 2497 774 2563 in
801 2515 962 2564 onroerem
999 2495 1177 2565 coniectum
1211 2501 1433 2566 demonstrent
1465 2501 1567 2565 verbe

139 2624 143 2653 2
242 2604 341 2674 nitus:

401 2710 450 2774 ito
470 2709 552 2776 fietu
576 2715 611 2775 et
632 2711 772 2776 tenebris
793 2714 974 2778 obstinatus
1000 2709 1139 2793 speeiem
1162 2719 1258 2777 emisi
1281 2709 1413 2778 luminis

403 2818 617 2896 conspiciendi
638 2818 818 2883 insolentie.

314 2953 376 3022 Vbi
405 2955 810 3040 ,speeiem“diotum1iro
836 2957 988 3042 „eriem“.
1030 2957 1117 3023 Illud
1144 2959 1294 3041 ,luminis
1326 2960 1562 3043 conspiciendi·

247 3079 433 3144 suspensum
456 3065 498 3127 ab
520 3063 697 3133 insolentie.
721 3062 791 3132 Cet.
815 3062 857 3128 ci.
880 3081 990 3130 onmm.
1013 3065 1047 3128 in
1071 3064 1152 3128 Non.
1176 3071 1318 3146 nimie,

133 3198 140 3303 i
192 3291 196 3294 ,

128 3866 133 3940 i

314 3166 363 3232 Ex
384 3165 461 3234 filiis
485 3164 583 3253 Agrii
605 3185 688 3233 unus
709 3167 758 3234 itn
780 3169 954 3250 compellat
977 3176 1116 3251 petrem:

563 3294 675 3356 adsum
698 3294 784 3375 apud
809 3300 854 3369 te,
878 3299 1019 3376 genitor.

315 3418 368 3481 Ad
391 3413 555 3498 nostulntn
577 3411 671 3482 huius
693 3423 805 3499 iniquo
827 3413 875 3483 sie
896 3418 1068 3498 respondet
1089 3414 1246 3501 Agrinss

459 3574 634 3639 numquam
657 3559 828 3642 perpetiar,
851 3566 962 3644 gnate.
986 3561 1049 3643 poi,
1071 3577 1112 3624 ne
1133 3561 1319 3625 adtenderis

457 3675 567 3746 petere
588 3685 609 3733 n
630 3685 680 3733 me
701 3670 734 3732 id
758 3670 843 3749 qnod
866 3665 957 3732 nesus
978 3674 1023 3732 sit
1042 3669 1171 3734 concedi
1195 3668 1268 3733 tibi.

312 3805 476 3874 Diomedis
496 3806 674 3874 diffidentis
697 3815 836 3892 primum
873 3810 995 3875 viribus
1031 3804 1099 3874 suis
1135 3810 1270 3890 ideoque
1306 3804 1468 3894 Calydone
1501 3806 1565 3872 Ar·

127 3956 135 4013 i·
247 3928 305 3998 gon
328 3919 475 3995 repetere
498 3907 694 3978 instituentis
715 3920 791 3978 onie
812 3915 968 3980 deiectum
993 3913 1131 3997 Agrium
1154 3909 1306 3978 ridentur
1328 3911 1426 3980 fuisso
1448 3913 1540 3980 ineo:

456 4072 537 4139 ergo
559 4054 631 4121 med
652 4056 759 4135 Argos
783 4053 921 4122 referam
944 4069 1030 4128 (num
1054 4058 1106 4122 inio
1126 4072 1195 4121 sum
1224 4055 1367 4137 nobilis),
1394 4053 1398 4060 '
1475 4156 1476 4159 Ἴ

340 4199 343 4205 ·
457 4168 550 4252 neoui
572 4162 610 4244 (i.
634 4177 662 4228 e.
686 4179 727 4226 ne
748 4163 813 4243 eui)
834 4176 1012 4246 eognosonr
1033 4169 1117 4227 noto.

312 4299 404 4380 Quod
425 4300 595 4365 consilium
617 4307 728 4382 posteo
750 4307 942 4377 immutarit,
965 4316 1038 4366 oum
1060 4316 1101 4365 ex
1123 4293 1237 4363 nmioie
1263 4299 1394 4378 quidum
1427 4299 1565 4363 obiecis-

126 4078 133 4151 i

125 4156 137 4253 f
180 4178 182 4182 ,

124 4274 139 4367 ἰ,

122 4354 140 4559 ἑ.
203 4400 400 4473 'eetnueez

121 4592 135 4743 i

455 4511 560 4575 mults
580 4507 778 4576 emittuntur
804 4512 938 4576 ter-ditio
961 4518 996 4575 et
1020 4511 1177 4575 norordie.
