3284 5136
733 301 855 370 ....21
890 335 937 349 ..

139 506 321 582 acceptus
352 504 420 567 sire
446 517 468 566 a
491 499 637 567 Menelao
674 498 892 584 prodcimendi
915 507 1032 588 cupido
1067 515 1136 576 siue
1173 509 1219 575 ab
1249 509 1497 597 Agamemnona

170 616 299 692 propter
320 616 412 674 retus
433 610 555 674 odium
578 609 930 694 ci.1ii‚ioouyq

329 727 529 810 iudaicus,
553 731 650 800 finem
673 736 870 820 religionum
894 735 956 817 iac,
977 739 1099 806 desisto
1122 748 1298 806 exercitum

326 844 446 901 morari
467 855 506 902 ac
528 841 601 904 med
625 842 670 904 ab
690 842 867 909 domitiono
887 859 998 908 arcere
1022 854 1079 908 tuo
1101 846 1237 911 obsceno
1260 854 1376 914 omino.

235 958 284 1029 01,
310 961 393 1028 Non.
419 967 495 1045 ιιι,
509 971 541 1033 8.
566 964 727 1032 lndioium
750 975 858 1032 tamen
881 985 921 1033 ea
941 969 984 1033 de
1016 987 1053 1034 re
1075 971 1258 1040 consilium:

381 1104 467 1151 nunc
488 1082 523 1152 in
547 1091 679 1154 consilio
701 1090 736 1154 id
759 1107 859 1174 reges
882 1091 1045 1174 Argivum
1066 1103 1245 1174 aucupant,

380 1194 414 1258 id
437 1204 608 1274 quaerunt.

132 1282 137 1289 ¹
236 1316 300 1382 Vbi
323 1335 409 1382 unus
430 1335 470 1382 ex
491 1322 627 1385 ducibus
650 1327 683 1385 in
705 1328 795 1386 rates
813 1331 863 1387 est
885 1330 1040 1398 invectus,
1063 1328 1120 1404 qut
1143 1318 1405 1402 frequentissime
1425 1317 1491 1388 cri·

134 1484 136 1489 .
167 1420 310 1490 minibus
327 1433 526 1506 appetuntur
548 1429 634 1506 opud
657 1436 769 1508 poetas
807 1431 926 1493 latinos
958 1435 1212 1508 antiquissimos.
1244 1425 1297 1494 ci.
1322 1436 1382 1494 vit.
1404 1427 1491 1496 Enn.

167 1547 223 1616 m·
247 1533 291 1598 w
309 1548 429 1700 “lllnss
451 1640 547 1702 credo
569 1640 765 1721 auguribus,
789 1647 846 1719 qui
868 1647 958 1704 auris
984 1642 1091 1707 verbis
1111 1635 1255 1703 diritant

380 1743 513 1824 alienas,
535 1760 613 1810 suas
636 1751 673 1808 ιιι
694 1760 775 1810 auro
798 1745 997 1827 locupletent
1018 1746 1142 1811 domus

130 1870 134 1899 ²
234 1863 303 1931 lam
325 1863 410 1931 lacto
426 1868 567 1944 decreto,
593 1876 631 1931 ut
653 1852 832 1952 Astyanax,
850 1856 944 1952 quein
978 1877 1012 1935 in
1035 1870 1196 1935 montibus
1218 1874 1411 1952 propinquis
1432 1869 1493 1933 ab·

129 2034 132 2039 .
167 1973 300 2039 diderat
323 1982 428 2039 maier
451 1975 503 2040 rel
525 1981 609 2052 aria,
633 1975 676 2040 ad
700 1977 834 2042 mortem
858 1983 1043 2059 raperetur,
1064 1978 1108 2042 ad
1130 1977 1346 2041 excusandum
1366 1971 1490 2040 lacinus
1583 1987 1586 1990 ’

129 2062 133 2135 ῗ
167 2077 232 2145 imo
252 2088 309 2161 qui
331 2076 484 2145 virtutem
508 2088 611 2162 patris
633 2082 789 2164 Hectoris,
813 2089 876 2148 riri
914 2081 1080 2147 tortissimi
1119 2089 1155 2147 ot
1174 2079 1319 2155 Graecis,
1342 2085 1420 2145 dum
1442 2082 1491 2146 vi·

128 2254 132 2273 ,
168 2196 268 2268 roret,
291 2182 487 2271 grauissimi,
510 2189 683 2254 extolleret
705 2196 763 2255 ita:

128 2284 132 2339 ἕ
272 2292 401 2358 'l‘roiast
423 2301 526 2360 testis.
539 2312 661 2375 quaere
683 2312 724 2360 ex
746 2299 834 2378 aliis,
857 2304 915 2381 qut
936 2298 1025 2361 illius
1049 2291 1274 2360 miseritudinc

274 2415 387 2464 nomen
409 2399 536 2464 clarum
560 2407 592 2463 in
616 2402 730 2465 tumult
754 2419 833 2466 saxo
855 2403 967 2467 multis
989 2408 1166 2469 memorant
1188 2398 1345 2464 uorsibus

127 2510 133 2601 ζ
235 2513 301 2579 Vbi
322 2512 460 2581 fortasse
483 2519 697 2599 reponendum
727 2534 868 2601 ,quaere
889 2535 930 2583 ex
954 2519 1030 2599 illis,
1054 2513 1111 2599 qui
1134 2513 1205 2583 eius
1228 2508 1491 2588 miseritudine·,

126 2616 131 2705 ξ
168 2619 284 2702 ltaque
305 2627 403 2686 etiam
425 2629 559 2704 stirpem
582 2619 655 2688 eius
677 2620 822 2689 funditus
845 2624 1033 2692 tollendam:

318 2747 453 2824 propter
476 2750 522 2808 iot
544 2752 717 2827 mnusque
740 2744 895 2810 lavemus
926 2749 1094 2810 vastitates
1116 2739 1278 2816 funerum3

125 2862 131 2957 J
168 2866 240 2930 scil
265 2867 469 2947 Astyanactis
491 2877 579 2930 metu
607 2883 727 2932 carere

127 3048 130 3057 Ι
235 2965 331 3035 voi
321 2987 355 3034 ιιι
377 2971 539 3036 codicibus
575 2981 626 3039 est
667 2971 875 3058 ,habemus‘.
912 2969 1002 3053 Quod
1034 2976 1157 3034 sicum
1191 2965 1303 3032 Botbio
1324 2910 1493 3045 scripseris

125 3088 130 3133 i
174 3079 224 3152 ,to
247 3078 377 3152 propter
408 3079 456 3135 tot
486 3081 659 3153 tantasque
696 3074 883 3151 labemus,
906 3075 1073 3147 Helenam
1097 3074 1213 3137 excidii
1240 3070 1360 3135 Troiae
1379 3074 1492 3132 aucto·

169 3191 242 3241 rum
264 3179 464 3257 eandemque
486 3174 618 3245 Graecis
641 3184 767 3260 pariter
788 3187 822 3244 et
842 3178 992 3244 Troianis
1024 3173 1265 3258 invisissimam,
1302 3172 1491 3254 compellari

124 3284 129 3369 j
170 3278 384 3348 manifestum.
1578 3345 1581 3351 ,

124 3400 129 3481 ξ
236 3387 395 3452 lmmltem
421 3384 622 3481 Graecorum
647 3389 788 3454 animum
812 3399 882 3472 posi
914 3389 1107 3474 Polyxenam
1139 3384 1237 3454 eiiam
1262 3388 1489 3468 Astyanactem
1571 3412 1575 3416 ·

171 3488 419 3573 efflagitantium
443 3494 486 3556 ad
509 3508 619 3557 necem
642 3490 691 3557 ita
713 3497 871 3559 describit
894 3495 946 3559 uel
970 3495 1106 3559 Hecuba
1129 3494 1180 3557 vel
1203 3488 1444 3556 Andromachae

125 3640 128 3647 ·
276 3612 409 3677 quorum
433 3594 662 3664 crudelitatem
686 3615 859 3680 numquam
884 3600 955 3665 ulla
977 3597 1088 3682 explet
1108 3596 1211 3662 satias
1234 3598 1413 3677 sanguinis.

125 3684 129 3745 ἶ
239 3703 291 3765 Ad
314 3718 412 3763 unum
434 3718 473 3763 or
496 3704 631 3766 ducibus
654 3701 853 3768 Graecorum
877 3704 927 3766 rel
950 3697 1162 3784 Astyanactis
1175 3700 1268 3763 caedi
1291 3696 1340 3761 iel
1362 3691 1490 3771 ceteris,

125 3788 129 3801 ’
173 3823 259 3887 quae
280 3805 432 3884 patrandi
461 3803 585 3868 reditus
615 3810 681 3869 sira
714 3806 906 3870 dividendae
942 3805 1081 3888 praedae
1108 3818 1206 3867 causa
1227 3806 1490 3878 instituerentur,

124 3914 130 3991 ,
172 3911 407 3984 adversantem,
443 3917 479 3971 ui
512 3909 653 3990 Pyrrum
691 3909 744 3972 rel
766 3912 848 3973 adeo
886 3908 1070 3974 Menelaum
1109 3906 1258 3985 fratrem,
1287 3905 1493 3988 pertinebant

174 4016 436 4097 agamemnonis,
461 4020 607 4096 utputo,
630 4015 719 4078 dlcta
742 4013 834 4084 baec:

124 4220 128 4231 Ι
278 4131 384 4198 ierom
408 4132 509 4201 feroci
531 4139 790 4214 contundandum
823 4145 998 4221 imperiost,
1019 4155 1152 4204 mrum
1174 4133 1331 4204 saeviter.

124 4238 138 4308 ’ἶ
244 4253 391 4340 benique
414 4258 565 4326 Hecubae
587 4278 667 4343 esse,
690 4263 854 4347 Polyxena
884 4273 918 4329 et
940 4263 1138 4348 astyanacte
1174 4262 1323 4341 orbatae,
1344 4273 1429 4341 quae
1451 4258 1492 4323 de

123 4362 130 4445 ξ
174 4357 359 4429 cananum
381 4363 468 4428 dicia
488 4362 571 4430 Non.
592 4369 669 4448 48⁷,
691 4372 743 4447 193
757 4365 1019 4450 Agamemnonis,
1043 4382 1127 4448 qnae
1149 4367 1191 4429 do
1212 4365 1325 4430 eadem
1339 4367 1415 4443 485,
1435 4364 1494 4439 23,
1604 4430 1607 4434 l

123 4452 129 4553 ξ
173 4461 342 4532 adsentior
365 4466 550 4538 Bibbeokio.
