3284 5136
668 301 885 371 ..1-

185 491 234 560 Ex
256 495 371 575 qulbus
394 487 500 559 rerbis
522 494 620 558 etiam
644 487 786 559 officitur
808 496 966 557 tractatas
988 487 1046 554 hoc
1069 490 1215 554 carmine
1231 506 1285 554 res
1303 492 1439 558 multum
1548 508 1552 579 ς

118 608 191 682 post
216 595 369 683 Aegisthi
393 606 526 663 mortem
549 605 650 662 actas.
676 597 790 679 Neque
813 597 1026 678 improbabile
1060 603 1110 660 est
1137 597 1264 676 eadem,
1290 614 1375 676 quae
1398 600 1441 663 ab
1549 588 1552 655 1

118 704 247 789 Hygino
270 702 333 773 lab.
363 691 486 784 122111
502 721 577 788 ι111
599 706 694 787 plura
716 711 869 787 excerpta
892 699 926 770 in
950 704 1061 769 libelio
1082 702 1123 768 de
1147 701 1296 783 Pacuvio,
1321 704 1378 796 ubi
1400 705 1440 770 de
1542 700 1551 785 ,1

119 812 290 878 Duloreste
312 807 440 894 agitur)
462 811 654 878 referuntur
685 815 726 879 11
750 813 882 879 Electra
905 821 1039 894 proptor
1062 809 1180 877 laisum
1217 807 1330 878 mortis
1361 813 1443 879 Ore·
1542 788 1550 813 ¹

120 927 190 988 stae
215 926 362 984 nuntium
386 916 531 1001 protecta
555 918 695 1002 Delphos
719 921 828 1001 ibique
851 936 1024 1004 congressa
1056 937 1128 984 cum
1154 911 1270 985 Oreste
1291 927 1324 985 et
1354 917 1443 1002 Iphi·
1545 936 1549 985 ς

119 1033 227 1109 genle,
258 1021 375 1090 deinde
398 1041 469 1090 cum
498 1023 655 1093 fratribus
678 1023 801 1111 agnitis
831 1043 962 1092 reversa
989 1024 1142 1107 Mycenas
1179 1027 1287 1106 deque
1321 1021 1443 1107 punitis
1544 1054 1548 1107 l

120 1133 274 1217 Aegisthi
297 1129 421 1214 liberis,
434 1142 637 1216 persecutum
671 1129 960 1221 Agamemnonidis
994 1133 1135 1198 Acelum.
1176 1131 1212 1197 in
1243 1150 1306 1214 quo
1330 1150 1370 1199 no
1394 1135 1444 1199 dl·
1504 1128 1505 1133 ’
1543 1126 1547 1167 ³

121 1240 222 1308 versis
257 1244 350 1305 ninrls
379 1236 458 1306 iocis
481 1257 533 1306 res
566 1248 757 1325 agerentur,
782 1246 884 1323 potuit
915 1235 1032 1304 referri
1056 1237 1191 1319 Delphis
1223 1242 1264 1303 de
1289 1238 1388 1303 Aleia
1410 1247 1445 1304 et
1489 1313 1490 1318 η
1543 1278 1545 1284 2

121 1345 270 1435 Erigone
292 1358 433 1432 sumptas
455 1365 585 1432 111111.
612 1345 664 1416 cl.
691 1349 789 1415 iilbb.
815 1366 872 1433 pg.
897 1353 972 1416 171.
1540 1424 1545 1441 ί

187 1454 236 1522 De
259 1454 402 1536 Erigone
424 1472 581 1536 quaerere
603 1455 766 1520 lubricum
790 1451 877 1531 ideo,
894 1456 977 1535 quod
995 1456 1157 1519 interdum
1180 1455 1260 1519 haee
1275 1451 1444 1537 tragoedia
1539 1454 1545 1546 i

122 1558 252 1626 confusa
288 1576 359 1624 cuni
383 1557 539 1642 Epigonis
579 1560 723 1624 eiusdem
748 1566 873 1641 poetae.
913 1553 1016 1623 Nobis
1036 1563 1183 1639 quinam
1202 1556 1262 1623 loci
1294 1561 1345 1623 rel
1368 1554 1444 1623 huic
1540 1568 1544 1621 a

123 1663 175 1729 rel
199 1663 249 1728 iili
273 1658 462 1744 assignandi
487 1664 675 1727 1111111111
696 1662 899 1728 deciaratum
932 1661 1039 1727 Indice
1076 1659 1334 1727 1111118111.
1360 1679 1445 1727 1111·
1538 1678 1543 1761 53

123 1781 220 1840 ment.
243 1768 275 1833 in
301 1775 376 1846 398,
401 1773 454 1836 20.

191 1874 237 1940 De
260 1869 404 1958 Erigone
428 1871 578 1960 Aegisthi
600 1874 667 1940 filla
688 1882 883 1956 paucissima
905 1877 1028 1940 tradita
1049 1891 1151 1955 eaque
1173 1870 1352 1956 aliquando
1373 1885 1444 1941 tur·

124 1983 203 2047 bata
224 1978 356 2047 confusa
393 1980 453 2046 hac
474 1997 546 2046 curn
584 1982 681 2047 Icarii
703 1980 770 2047 11111
793 1987 986 2066 cognomini.
1023 1977 1073 2050 Ol.
1108 1978 1199 2050 iltbb.
1224 2000 1283 2066 pg.
1323 1987 1443 2049 471-
1537 1984 1543 2077 ’ᾗ

122 2081 201 2154 Fuit
222 2096 352 2171 praeter
389 2087 468 2154 aiios
500 2085 663 2172 Sophoclis
695 2088 850 2173 Erigone.
890 2087 959 2153 iarn
991 2094 1018 2152 sl
1040 2090 1081 2154 de
1110 2088 1305 2174 fragmentis
1337 2108 1446 2173 neque
1536 2116 1543 2167 t

123 2194 233 2261 multis
255 2203 336 2262 satis
359 2204 392 2262 et
415 2193 578 2264 interdum
604 2206 761 2281 suspectis
783 2201 923 2265 indicari
958 2193 1046 2275 iicet,
1072 2201 1203 2265 ridetur
1226 2219 1278 2267 res
1301 2201 1444 2287 Mycenis
1533 2190 1541 2283 1

123 2317 193 2370 esse
215 2308 303 2369 acte.
329 2301 410 2369 Nam
435 2303 519 2384 quod
551 2311 650 2369 111111
683 2320 821 2383 versum,
845 2310 900 2384 qui
923 2305 1009 2385 apud
1044 2303 1179 2369 Nonium
1203 2311 1280 2388 198,
1304 2313 1322 2373 't
1348 2308 1446 2394 ruigo

125 2405 288 2476 ferebatur
309 2411 396 2476 talis:
1537 2392 1540 2399 ¹

335 2533 509 2601 Locrorum
533 2534 600 2602 late
622 2529 740 2601 riridla
762 2543 796 2602 et
817 2534 953 2621 frugum
978 2536 1088 2614 ubera,

124 2655 290 2728 coniecere
312 2668 403 2728 initio
427 2664 610 2731 Parnasum,
628 2672 768 2731 montem
792 2681 830 2730 11
856 2663 984 2746 Delphis
1004 2671 1151 2745 proxima
1165 2665 1237 2730 loca
1253 2675 1442 2746 memorata,

125 2776 211 2835 recte
233 2785 254 2834 1
277 2767 388 2835 Bothio
412 2778 596 2855 repositum:
1121 2769 1123 2773 ’
1535 2795 1538 2805 ·

336 2893 478 2959 locorum
502 2894 567 2959 late
591 2894 707 2959 vhinta
729 2902 763 2959 et
785 2891 919 2977 frugum
943 2895 1057 2960 ubera.
1088 2857 1090 2861 A

193 3016 318 3083 Etenim
343 3016 477 3084 alteram
501 3026 529 3085 sl
553 3015 750 3101 praetuleris
782 3015 963 3100 lectionem,
995 3021 1229 3087 substantivum
1252 3021 1443 3103 requiritur,

125 3127 211 3208 quod
233 3125 346 3192 abesse
370 3134 421 3192 rix
444 3134 565 3209 potest.
592 3126 628 3192 in
653 3121 820 3194 codicibus
841 3123 940 3197 Nonii
963 3135 1012 3193 est
1040 3128 1255 3207 ,iocronum⁸.
1529 3194 1537 3207 ,,

193 3231 296 3299 Porro
318 3235 402 3299 bunc
425 3239 615 3319 tragoediae
638 3235 736 3303 luisse
758 3243 969 3303 existimarim
993 3245 1189 3315 contextum,
1214 3244 1252 3300 ut
1273 3234 1445 3321 iphigenia
1531 3220 1537 3303 1

126 3345 298 3407 comitante
320 3342 380 3407 sub
402 3344 468 3408 aila
490 3359 627 3425 persona
651 3339 771 3409 Oreste
791 3338 888 3426 (sieut
910 3348 943 3421 ln
969 3337 1103 3407 Pacuuii
1125 3340 1293 3406 Duloreste
1321 3338 1442 3407 iactum
1532 3320 1536 3438 ξ

127 3442 285 3528 ridemus)
308 3449 475 3514 adveniret
488 3447 642 3534 Mycenas
658 3453 700 3515 ad
713 3468 849 3534 regnum
864 3457 1004 3531 patrium
1022 3451 1243 3531 repetendum,
1268 3466 1342 3531 quo,
1365 3452 1443 3516 dum
1529 3454 1536 3541 ,2

126 3559 159 3618 ln
168 3550 344 3620 Tauridem
359 3551 573 3636 proficiscitur
586 3555 723 3633 Orestes,
734 3563 854 3638 potitus
863 3564 948 3620 esset
960 3557 1083 3620 Aletes.
1096 3556 1176 3619 Nam
1187 3563 1257 3635 post
1281 3573 1443 3622 reversum

126 3673 165 3724 ex
178 3657 478 3728 TaurideOrestem
500 3669 606 3728 actam
629 3679 698 3727 rem
721 3657 898 3727 certissime
921 3661 1089 3727 declarant
1111 3663 1169 3725 ilia
1191 3657 1287 3744 11111.
1305 3666 1380 3739 311,
1391 3665 1441 3746 tl:
1530 3676 1535 3753 l

232 3785 286 3851 sed
310 3787 366 3852 ubl
388 3787 429 3854 ad
452 3785 548 3854 finem
573 3794 742 3870 ventumst,
765 3805 830 3871 quo
852 3781 946 3854 ilium
970 3785 1037 3854 iors
1061 3789 1252 3871 expectabat
1274 3783 1352 3868 ioco,

232 3890 339 3970 adque
361 3891 485 3958 Orestai
507 3891 614 3979 grari’
634 3897 782 3961 sacerdos
805 3893 893 3960 ierro
917 3912 991 3960 eum
1013 3902 1161 3977 prompto
1182 3889 1317 3960 adstitit.
1352 3986 1355 3991 ⁵

192 4032 261 4100 Iam
282 4041 348 4101 sire
372 4036 487 4102 Aietee
511 4003 588 4102 sire.
601 4032 765 4121 Erigonae
788 4039 833 4103 ad
858 4038 1110 4119 percontandanr
1126 4030 1329 4117 Iphigeniam
1346 4033 1454 4102 boeot
1503 4020 1505 4022 ’

336 4159 488 4228 adsentio.
500 4175 564 4244 age
586 4174 672 4225 nunc
694 4167 781 4225 tuam
814 4155 998 4240 progeniem
1023 4160 1083 4223 ede
1105 4153 1228 4224 ordinet

193 4299 246 4365 Ad
267 4299 384 4366 Aleten
407 4301 607 4366 dubitantem
648 4301 689 4365 11
713 4300 837 4392 bospite
859 4309 894 4365 et
915 4307 1084 4383 incertum,
1107 4296 1185 4381 quid
1206 4306 1250 4365 sit
1263 4300 1440 4383 agendum,
1522 4296 1529 4313 ⁴

128 4398 257 4473 ridetur
278 4413 426 4489 spectare
449 4425 559 4476 sersus
580 4415 729 4474 serratus
750 4424 772 4473 a
794 4405 875 4475 1111.
900 4409 978 4486 126,
1004 4409 1056 4473 23:
1507 4415 1528 4424 ·⁴

338 4535 385 4594 ita
407 4536 564 4612 inperitus
584 4533 777 4612 stupiditate
801 4536 943 4611 erumpit
974 4547 1019 4610 se,
1042 4537 1135 4613 inpos
1156 4531 1281 4596 consili.
