3284 5136
672 384 714 400 ..
767 350 789 420 2
840 384 885 399 ..

518 537 546 602 Ι.
571 537 615 604 11.
639 480 797 607 Achilles.
819 535 1042 626 Myrmidones.

184 702 321 772 Achillis
346 714 379 772 et
402 662 637 790 Myrmidonum
676 702 802 770 fabulas
825 724 896 772 cum
920 700 1017 771 titulo
1040 709 1107 772 solo
1142 700 1226 771 inter
1255 723 1288 771 se
1311 699 1443 771 diiierrc
1544 692 1549 721 '

118 808 274 879 coniectat
299 813 335 878 Ο.
360 809 556 878 liibbeckius
582 809 661 877 libri
698 815 738 877 de
761 816 930 894 tragoedia
953 816 1054 878 latina
1078 831 1135 895 pg.
1163 819 1240 890 349,
1264 821 1301 877 nt
1333 823 1440 878 tannen
1542 882 1547 909 ¹

117 921 152 986 id
175 937 234 1004 pro
269 926 355 985 certo
392 918 547 986 affirmari
572 937 661 1003 posse
684 929 795 1006 neget,
821 914 964 984 diversas
988 914 1084 984 fuisse
1110 929 1306 1004 argumento
1328 920 1380 985 rel
1404 938 1443 984 en
1544 918 1547 995 ξ

120 1046 156 1093 re
180 1029 309 1091 ridetur
333 1023 432 1108 cilici,
455 1031 542 1108 quod
565 1045 586 1092 a
610 1021 712 1090 Nonio
736 1035 766 1091 iu
792 1035 898 1108 capite
920 1028 962 1103 ll,
980 1029 1034 1089 ubi
1058 1038 1189 1107 praeter
1211 1025 1357 1094 Gellium
1381 1047 1442 1093 une
1539 1086 1544 1095 .

119 1141 420 1219 potissimumum
455 1136 613 1218 pluribus,
638 1135 765 1199 videtur
802 1152 876 1199 usus
910 1131 1005 1214 ferite,
1040 1143 1073 1200 et
1096 1134 1242 1201 Achilles
1267 1143 1388 1204 citatur
1409 1143 1442 1204 et
1499 1174 1502 1185 ,

120 1241 513 1328 Myrmidones-ltaque
529 1261 591 1308 non
609 1251 659 1308 est
674 1238 885 1323 improbabile
911 1242 1036 1307 Achille
1058 1243 1201 1333 Acciana
1211 1251 1297 1309 sieut
1313 1241 1442 1310 Achille
1534 1260 1545 1333 ,j

119 1346 302 1416 Aristarchi
327 1350 473 1415 linnlana
499 1351 641 1437 describi
663 1345 737 1415 lites
760 1356 844 1415 inter·
861 1349 1020 1416 Achillem
1043 1358 1076 1416 et
1099 1351 1373 1434 Agamemnonem
1390 1369 1440 1416 or·
1541 1408 1543 1413 .

118 1465 168 1520 tas
191 1463 225 1520 ct
248 1471 330 1536 quae
365 1461 508 1534 proxime
531 1463 639 1519 secuta
662 1462 747 1517 sunt.
775 1454 841 1518 Nec
864 1453 1049 1537 fragmenta
1071 1472 1155 1534 quae
1181 1466 1352 1535 supersum
1375 1453 1440 1544 tria
1539 1446 1543 1497 i
1571 1452 1573 1456 '

117 1565 160 1629 ab
175 1564 234 1628 hac
251 1571 396 1645 opinione
412 1565 531 1629 aliena.
550 1562 631 1628 Nam
647 1566 732 1644 quod
749 1557 873 1647 legitur
888 1580 940 1644 ap.
961 1560 1041 1630 Non.
1053 1581 1109 1648 pg.
1136 1566 1200 1631 503
1224 1579 1252 1631 s.
1274 1563 1300 1644 l.
1318 1559 1438 1631 t'ervat:
1535 1607 1541 1677 3

331 1706 370 1751 nc
394 1686 675 1752 tuum-conlerrat
697 1696 809 1767 pectus
831 1689 1030 1762 iracundiae,

117 1819 221 1895 potest
235 1819 412 1892 comparari
429 1813 512 1893 quod
536 1807 617 1877 dicit
639 1808 775 1878 Calchas
797 1811 837 1877 ΙΙ.
853 1810 879 1891 Ι,
902 1812 943 1877 76
959 1829 1036 1907 sqq.
1052 1807 1158 1876 reneri
1179 1829 1213 1876 se
1228 1815 1440 1895 Agamemno·

119 1924 168 1986 nis
186 1912 279 1998 iram,
303 1912 330 1982 si
348 1921 535 1983 vaticinium
551 1917 746 1999 protulisset
772 1915 892 1983 Versus
915 1912 968 1983 hic
990 1916 1083 2000 (Non.
1101 1924 1156 1998 983
1176 1922 1239 1984 277
1265 1919 1290 1983 1.
1307 1919 1437 2000 delicuit
1515 1947 1516 1950 ¹
1536 1920 1539 1945 ³

224 2062 327 2126 quare
350 2041 480 2110 aliaeu
503 2052 637 2110 crimine
660 2052 861 2112 inimicorum
885 2043 1031 2129 elingere
1053 2053 1153 2128 possis
1173 2046 1280 2110 dolica

121 2179 225 2239 neseio
247 2190 290 2237 un
313 2170 414 2238 fuerit
440 2173 579 2237 Achillis
601 2174 643 2237 ad
667 2174 937 2252 Agamemnonem
954 2179 1153 2261 recusantem
1178 2172 1316 2236 reddere
1338 2168 1441 2253 chry·
1533 2138 1537 2165 ¹

120 2272 212 2342 saida
235 2277 420 2358 etquidem
444 2271 617 2342 indicantis
655 2272 785 2358 oblique
818 2295 879 2340 non
902 2293 993 2357 posse
1025 2276 1121 2340 aliter
1154 2275 1307 2340 invidiam
1331 2277 1439 2355 populi
1530 2266 1535 2339 i

119 2392 253 2466 propter
277 2380 365 2465 regis
388 2379 611 2466 impotentiam
635 2379 767 2449 mulcati
801 2388 889 2464 (uam
912 2385 944 2449 id
970 2379 1100 2449 videtur
1129 2378 1319 2466 significare
1361 2393 1427 2468 ¹‚cri
1532 2370 1534 2405 ³

121 2505 191 2554 meu
214 2489 452 2571 inimieorum)
487 2482 592 2552 vitari.
625 2482 674 2552 ci.
699 2485 741 2551 ii.
767 2478 795 2565 i,
825 2489 1008 2553 iot-129.
1043 2477 1190 2566 Denique
1225 2483 1310 2550 illud
1346 2487 1439 2568 (Non.
1529 2473 1534 2523 3

123 2597 225 2662 1101.
252 2597 387 2679 decemb
1201 2612 1204 2621 ·

437 2719 478 2767 an
501 2710 629 2784 sceptra
651 2697 716 2768 ianr
732 2700 865 2768 deceant
880 2690 977 2770 terei

120 2823 301 2910 comparari
324 2823 401 2891 lieet
440 2842 512 2889 eum
551 2835 608 2902 eis.
635 2823 754 2907 quibus
789 2828 1009 2910 Agamemnon
1033 2820 1133 2892 iactat
1156 2828 1194 2895 li.
1234 2828 1259 2900 1,
1286 2834 1345 2894 181
1370 2845 1441 2909 sqq.
1520 2828 1530 2916 -ᾗ

123 2939 297 3017 potentiam
321 2949 413 2997 suam
436 2940 470 2997 et
486 2927 698 2998 nraiestatem.

188 3035 401 3123 Myrmidones
439 3038 536 3105 luisse
569 3049 705 3119 primam
730 3049 855 3120 partem
879 3043 1028 3120 trilogiae
1068 3041 1272 3123 Aeschylum,
1308 3036 1342 3103 in
1377 3058 1442 3120 que
1523 3062 1528 3093 τ

121 3151 227 3212 essent
249 3139 398 3227 deinceps
434 3151 554 3226 positae
589 3143 743 3210 Nereides
778 3161 816 3210 ac
841 3145 999 3228 Phryges,
1033 3160 1149 3226 eosque
1178 3141 1275 3208 inisse
1297 3146 1442 3223 exemplo
1523 3150 1526 3159 ’

121 3245 216 3318 Accii
241 3247 370 3315 fulmine
393 3247 576 3333 cognomini
614 3268 687 3316 cum
725 3248 954 3332 probabilitate
990 3259 1134 3316 statuere
1156 3253 1255 3316 docti.
1280 3251 1370 3332 Quae
1393 3248 1443 3314 ie·
1520 3330 1524 3336 Ι

122 3366 240 3423 runtur
263 3375 302 3423 er
326 3355 435 3422 fabula
459 3353 572 3432 latina,
599 3365 705 3425 omnia
739 3357 808 3424 iere
839 3361 881 3425 ad
916 3365 1108 3439 temptatum
1131 3354 1255 3421 frustra
1277 3351 1426 3422 reconeili
1519 3384 1523 3441 j

121 3464 224 3528 aridae
248 3481 320 3528 oum
345 3466 588 3545 Agamemnone
611 3459 742 3546 gratiae
779 3483 877 3530 causa
911 3465 1073 3530 Achillem
1106 3460 1258 3529 ridentur
1280 3469 1427 3543 spectare

123 3566 185 3634 Sed
208 3575 428 3634 continuatam
452 3587 521 3635 rem
544 3588 645 3652 usque
668 3572 710 3636 ad
734 3570 878 3636 Patrocli
912 3572 1043 3637 eaedem
1075 3577 1107 3635 et
1129 3562 1268 3634 Achillis
1291 3568 1442 3649 querelas
1518 3561 1521 3603 ³

125 3684 161 3739 ut
183 3676 300 3740 titulus
323 3672 456 3759 indicat,
480 3682 529 3740 ita
550 3679 773 3741 demonstrant
796 3671 956 3756 reliquiae
979 3682 1129 3740 carminis
1152 3674 1327 3757 Aeschylei.
1516 3646 1521 3675 ³

189 3777 322 3847 Initium
347 3792 454 3848 autom
477 3779 620 3861 tabulae,
643 3791 682 3849 ut
704 3781 838 3848 Achillis
875 3775 1014 3848 alterius
1050 3775 1204 3861 Enniani,
1239 3774 1366 3845 ridetur
1397 3777 1443 3845 ie·
1514 3787 1519 3869 j

123 3893 202 3952 olsse
225 3884 393 3952 consilinm
417 3905 533 3971 regum
561 3906 752 3971 graecorum
789 3897 861 3970 post
892 3890 1017 3953 cladem
1040 3891 1060 3953 a
1082 3883 1232 3953 Troianis
1253 3881 1380 3951 illatam
1403 3888 1443 3950 de
1513 3890 1518 3979 ἰ

123 4011 249 4060 summa
280 4012 390 4060 rerum
418 3995 681 4062 consultantium.
720 3991 769 4061 ci.
797 3995 835 4064 li.
858 3993 920 4060 lx.
962 3994 1072 4076 Atque
1105 3990 1151 4058 ihi
1174 3989 1209 4056 in
1232 3992 1443 4058 altereatione
1513 3995 1518 4084 j

126 4105 236 4166 mutua
271 4107 442 4182 potuerunt
475 4102 580 4165 locum
614 4101 732 4164 babere
754 4118 805 4177 ea,
843 4097 960 4180 quibus
986 4096 1094 4163 nescio
1124 4116 1165 4164 an
1202 4095 1444 4181 perstringatur
1510 4096 1517 4175 ᾗ

126 4203 243 4288 Vlixes,
273 4201 327 4273 cui
351 4223 445 4289 saepe
467 4201 681 4273 simulationis
703 4201 863 4288 obiectum
886 4213 1019 4286 crimen,
1044 4203 1185 4271 reditum
1218 4206 1280 4271 suh
1309 4204 1443 4270 honesta
1511 4192 1517 4259 ἕ

125 4311 230 4394 speeie
252 4314 443 4378 dissuadens
476 4309 563 4396 (nam
600 4313 643 4379 ab
674 4311 732 4379 hoc
753 4319 787 4379 et
809 4311 917 4395 priore
939 4319 1083 4393 tempore
1105 4309 1245 4377 Graecos
1267 4306 1439 4375 decessum
1512 4366 1515 4403 ;

126 4412 293 4485 nubentes
317 4415 484 4502 impeditos
506 4429 644 4488 testatur
666 4420 706 4490 ll.
731 4421 787 4487 lib.
816 4416 873 4501 lli:

230 4569 290 4629 tua
311 4557 515 4630 honestitudo
537 4565 664 4632 Danaos
691 4558 821 4646 decepit
841 4559 914 4629 diu.
1041 4578 1042 4581 ’
