3284 5136
670 383 873 454 ...32-

183 597 248 660 lero
271 609 337 671 qua
358 593 488 656 tandem
511 606 547 653 re
571 596 655 653 ricta
676 593 719 650 sit
742 580 922 650 Alcmeonis
946 579 1134 664 pertinacia,
1151 589 1261 669 utrum
1283 591 1432 660 numinis,

119 707 156 767 ut
188 707 265 783 puta
299 689 462 782 Apollinis,
493 695 681 760 interuentu
714 710 755 759 an
806 689 994 772 Amphiarai
1031 688 1146 754 umbra
1178 692 1331 768 excitata,
1371 704 1432 752 non
1465 712 1490 745 .·.

119 808 231 885 liquet.
255 804 300 868 De
323 803 517 883 Amphiarao
541 801 627 865 haud
664 801 748 864 male
771 803 957 880 suspicatur
997 795 1205 875 Ribbechius,
1233 801 1362 859 secutus
1385 791 1432 856 fa·

120 911 234 976 bellaru
259 909 433 989 quandum,
459 924 553 987 quam
577 911 718 970 invenire
741 911 791 969 est
813 903 900 985 apud
920 899 990 969 Cle.
1009 900 1103 968 Tusc.
1127 900 1172 967 11.
1204 904 1259 976 io,
1285 903 1338 965 60.
1366 897 1433 964 Nec
1485 926 1486 931 ¹

118 1023 166 1082 est
188 1016 395 1098 improbabile
417 1019 560 1079 invocata
597 1007 780 1077 aducibus
812 1016 895 1074 ratis
928 1010 1003 1074 dolo
1026 1004 1197 1090 intercepti
1231 1008 1347 1072 umbra
1368 1023 1435 1070 mo·

118 1118 221 1188 nitum
243 1123 458 1195 Alcmeonem,
482 1126 519 1183 ut
542 1114 632 1202 prius
661 1119 821 1199 publicam
859 1132 956 1197 quam
980 1110 1140 1197 priuatum
1174 1119 1276 1197 patris
1298 1128 1456 1193 eaeque„

119 1237 211 1294 retur
231 1229 394 1297 ultionem.
418 1227 477 1289 boc
500 1229 552 1289 est
573 1233 610 1289 ut
631 1230 744 1288 matris
776 1239 912 1302 poenam
947 1232 1018 1300 post
1052 1229 1164 1300 captas
1187 1235 1266 1285 nova
1303 1213 1435 1298 expedi·
1487 1224 1491 1272 ῑ

119 1337 204 1400 tione
226 1331 353 1397 Thebas
380 1327 535 1395 differret.
1488 1404 1491 1413 Ι

186 1439 229 1505 lit
250 1438 333 1504 hauc
355 1438 485 1517 quidem
509 1443 635 1519 partem
658 1433 813 1516 Eriphyla
835 1428 1005 1516 tragoedia
1025 1439 1249 1497 tractaverunt
1262 1427 1436 1533 Sophocles

120 1545 309 1624 Acciusque.
332 1541 381 1607 iix
404 1536 542 1607 Acciana
564 1535 708 1607 carmine
732 1557 815 1604 unus
838 1545 926 1605 extat
948 1540 1125 1604 versiculus
1147 1532 1211 1605 bic:

329 1682 439 1749 Pallas
462 1685 610 1765 bicorpor
632 1685 789 1766 anguium
811 1676 918 1761 spiras
940 1680 1051 1744 trahit.

185 1827 254 1908 Quo
276 1820 414 1890 describi
438 1831 562 1904 partem
584 1820 763 1888 ornamenti
787 1826 922 1902 monilis,
945 1825 1033 1902 quod
1056 1822 1211 1905 Eriphyle
1226 1824 1434 1901 accepit'pre-
1488 1829 1492 1899 ξ

121 1925 201 1999 tium
225 1923 335 1996 mariti
357 1923 489 2012 proditi,
513 1928 593 1995 bene
616 1934 797 2011 suspicatus
831 1933 881 1995 est
904 1927 1096 1994 Ribbechius
1130 1945 1189 2014 pg.
1215 1929 1293 1993 493.
1318 1923 1433 2007 Itaque
1488 1926 1492 2007 ζ

122 2044 263 2106 narrarit
285 2043 380 2119 poeta
404 2039 436 2100 in
458 2036 667 2102 celeberrimo
690 2031 747 2100 illo
770 2043 885 2100 ornatu
900 2032 1434 2118 effictamfuissepugnamgigan·
1488 2037 1493 2091 l

121 2155 187 2212 tum
217 2146 372 2211 adversus
393 2145 478 2223 deos3
501 2150 555 2210 cui
578 2140 725 2209 interfuit
746 2152 779 2208 et
800 2140 910 2210 Pallas
930 2159 1064 2223 corpore
1084 2147 1227 2226 anguino
1250 2141 1433 2224 praeditus.
1489 2172 1493 2209 ;

27 2254 29 2261 ’
122 2259 212 2319 ouius
233 2246 312 2316 victi
334 2268 447 2315 nornen
469 2245 684 2333 adsumpsisse
707 2247 875 2314 ferebatur
897 2246 1054 2313 blinerra.

565 2493 685 2561 XXVI.
709 2492 993 2578 Epiuausimache.

186 2687 475 2773 Epinausimacheu
497 2709 517 2753 a
540 2706 658 2774 graeco
680 2692 811 2756 ductam
829 2686 1009 2773 exemplari
1024 2698 1062 2753 ut
1077 2687 1145 2770 ipse
1168 2685 1291 2755 indicat
1307 2689 1459 2754 titulus
1488 2672 1494 2792 Ξ

122 2804 168 2864 ita
190 2804 319 2880 praeter
342 2794 433 2862 Accii
460 2797 550 2861 nulla
572 2792 734 2862 invenitur
756 2798 925 2880 tragoedia
946 2804 992 2862 ita
1013 2790 1180 2876 inscripta
1490 2798 1494 2817 ‘

187 2894 363 2968 Dicebatur
384 2917 405 2966 a
427 2896 647 2982 grammaticis
671 2901 730 2965 hoc
760 2898 889 2966 nomine
912 2902 994 2967 liber
1019 2899 1239 2977 hiltibertus,
1263 2917 1327 2979 quo
1351 2917 1436 2965 cour·
1489 2888 1494 2957 i

78 3004 81 3011 '
124 3011 205 3092 pulsi
226 3009 270 3074 ad
292 3026 389 3074 nares
410 3002 531 3073 Graeci
554 3007 700 3087 h'eptuno
724 3007 809 3074 vires
848 3010 1074 3091 suppeditante
1106 3009 1261 3073 adversus
1284 3001 1472 3082 Troianos
1485 2978 1494 3094 Ξ

124 3135 189 3181 rem
211 3121 369 3179 sustinent
391 3122 572 3193 utcumque
596 3111 661 3178 Sed
684 3109 814 3178 hceianl
829 3122 987 3196 carminis,
1004 3109 1235 3193 cuiusquidem
1252 3110 1494 3197 fragmenta
1488 3134 1494 3189 i

124 3228 248 3286 mutum
282 3239 345 3283 nou
378 3228 526 3284 omniaa
562 3221 628 3284 solo
650 3227 777 3285 serrata
814 3222 924 3300 Nonio,
947 3223 1046 3285 multo
1084 3222 1181 3284 latius
1218 3221 1351 3300 patebat
1372 3225 1437 3283 cir·
1487 3194 1495 3295 i

126 3326 236 3391 cuitus
263 3325 343 3389 Narn
366 3340 387 3389 a
410 3341 521 3409 pugna
545 3321 604 3389 illa
628 3329 748 3406 navali,
778 3335 866 3391 cuius
888 3328 1120 3391 rietssitudines
1150 3325 1375 3389 describuntur
1395 3323 1436 3391 11.
1486 3298 1495 3453 Ξ

125 3428 322 3508 xiil-xv,
347 3447 447 3511 usquc
470 3433 513 3495 ad
535 3439 667 3496 mortem
688 3431 836 3496 Hectoris
859 3435 1050 3513 pertinebat
1074 3433 1185 3511 Neque
1199 3426 1235 3494 id
1250 3430 1466 3493 mirandum
1488 3470 1494 3511 ,

124 3543 223 3614 nimis,
248 3551 317 3601 curn
355 3534 502 3600 Enniana
524 3533 670 3600 Hectoris
690 3536 777 3619 lytra
802 3532 1017 3602 continuerint
1040 3554 1092 3602 res
1114 3530 1273 3601 Troianas
1294 3529 1369 3599 indc
1393 3535 1494 3600 abr

125 3645 171 3711 XI
193 3645 396 3723 libransque
419 3643 462 3706 ad
484 3640 720 3708 finemilladis.
752 3644 795 3708 Et
816 3644 964 3708 firmatur
1000 3639 1153 3723 exemplis
1188 3639 1307 3706 talibus
1330 3644 1494 3738 poetas}

126 3747 250 3830 latinos,
274 3754 311 3810 ut
331 3748 545 3830 popularium,
571 3743 735 3812 bominum
758 3743 1078 3828 bellicosissimorum,
1100 3743 1322 3813 satisfacerent
1352 3747 1434 3811 desi·
1486 3680 1494 3839 Ξ

125 3855 232 3931 demis,
245 3849 359 3919 relicta
381 3855 536 3919 modestia
559 3852 754 3920 Graecorum
777 3852 952 3934 aliquando
975 3853 1073 3920 fuisse
1095 3863 1208 3921 nimios
1230 3862 1347 3937 pugnis
1368 3855 1456 3918 gel..
1481 3842 1494 3931 Ξ

125 3956 229 4036 lisque
251 3953 425 4022 referendis
452 3959 643 4038 eosdemque
664 3973 778 4039 parum
802 3965 943 4024 curiosos
959 3967 1122 4041 praecepti
1146 3959 1337 4036 Aristotelet,
1370 3974 1434 4037 quo
1490 3966 1494 4037 ξ

125 4062 311 4143 tragoediae
333 4063 487 4126 iubentur
516 4068 610 4125 unlus
641 4065 706 4127 diei
738 4073 796 4127 aut
828 4073 915 4128 certe
937 4082 1000 4129 non
1022 4065 1267 4132 multomalore
1288 4039 1437 4147 concludi
1482 4068 1494 4127 i

125 4171 236 4247 spano.
259 4161 342 4231 Sanc
364 4161 424 4229 hoc
445 4180 486 4228 ne
508 4181 529 4228 a
550 4160 684 4229 Graecis
706 4161 835 4245 quidem
858 4183 982 4246 semper
1008 4168 1223 4231 obseruatum.
1487 4146 1494 4219 i

191 4265 276 4336 Male
298 4273 407 4334 autern
429 4268 630 4345 Ribbeckius,
653 4275 711 4347 qui
733 4271 881 4352 neglecto
918 4276 986 4350 ipso
1008 4272 1102 4335 dtulo
1124 4276 1236 4334 statuit
1263 4263 1440 4351 Epinausi·¹

126 4370 316 4432 macharion
339 4376 471 4433 tractari
494 4375 629 4432 nistros
652 4378 724 4450 post
762 4379 897 4443 mortem,
916 4355 1061 4435 Pitrocli
1083 4379 1201 4455 gestas.
1224 4369 1290 4435 Sed
1311 4375 1436 4450 priores
1489 4358 1494 4417 ἶ

126 4478 223 4536 etiarn
244 4489 284 4536 ea
306 4468 461 4536 contineri
484 4470 593 4537 fabula
615 4475 728 4536 docent
749 4475 852 4537 rerba
875 4471 1029 4551 Patrocli,
1046 4493 1139 4555 opem
1152 4473 1318 4539 ferendam
1331 4472 1433 4540 Grae·
1485 4458 1494 4571 ξ

127 4581 172 4641 cis
194 4571 361 4658 censentis,
382 4577 426 4641 ad
441 4571 638 4645 'Phoenicem
662 4576 755 4660 (Non.
781 4579 855 4663 500,
881 4578 926 4662 ll:
1487 4574 1494 4672 ᾗ

1442 4728 1447 4733 .
1489 4700 1493 4737 i
