3284 5136
695 269 906 342 ..pg-

204 468 275 533 lam
297 465 441 536 tabulam
464 469 560 551 hane,
585 470 719 537 aliunde
741 465 899 554 ignotam,
924 486 984 536 eur
1008 461 1179 535 materiam
1200 463 1299 534 luisse
1322 472 1463 539 uoluerit

77 602 82 673 ι
140 570 237 639 honio
260 569 468 652 Rihbeohlus,
505 575 656 656 equidem
694 575 803 639 nullus
825 569 993 659 intellego.
1026 570 1090 658 Qui
1113 573 1202 639 haud
1225 569 1321 640 facile
1342 577 1463 641 dixeris
1556 586 1558 590 “

76 720 81 737 ι
138 682 293 760 quomodo
316 683 448 761 Phrixo,
473 688 606 748 immuni
644 680 738 763 plane
774 677 905 751 sceleris
927 689 960 748 et
982 679 1119 765 experti,
1142 687 1286 765 potuerit
1317 682 1463 752 trihuere

74 780 78 855 ἕ
138 777 231 849 talia:
459 797 461 800 ⁴

245 915 366 973 reritus
388 926 459 973 sum
481 913 631 990 arbitros,
644 917 744 990 atquo
770 918 891 975 utinam
915 918 1034 975 memet
1056 918 1170 1008 possim
1193 912 1354 981 oblisoieri

243 1020 349 1079 euiuat
372 1021 438 1079 rita
463 1015 633 1092 indecoris,
659 1023 792 1080 mortem
817 1013 932 1097 iugera
959 1023 1087 1097 turpem
1111 1014 1192 1079 haut
1213 1024 1371 1094 convenit

138 1172 223 1236 quae
244 1165 381 1239 apparet
403 1160 496 1239 plane
520 1166 604 1224 noxii
628 1174 698 1223 esse
722 1167 756 1223 et
778 1156 971 1223 eonscientia
993 1159 1151 1225 saelorum
1174 1167 1344 1243 exagitati.
1375 1160 1461 1228 illud

67 1270 72 1365 ξ
137 1261 222 1329 enim
246 1269 351 1347 mitto,
376 1262 536 1347 fabulam,
560 1272 593 1331 in
629 1271 698 1347 qua
733 1264 849 1331 Phrixi
887 1269 1086 1347 potissimum
1119 1273 1227 1333 essem
1265 1274 1384 1354 partes,
1408 1263 1462 1335 rix
1520 1350 1521 1354 Ἴ

66 1368 70 1433 2
140 1367 343 1435 Athamantis
366 1376 508 1453 potuisse
531 1380 658 1437 nomine
682 1367 827 1438 inscribi.

65 1458 70 1499 ³
204 1473 318 1556 Itaque
349 1484 453 1560 magis
485 1479 652 1558 probabile
692 1484 741 1542 eat
773 1475 978 1543 Athamantis
1015 1494 1067 1543 res
1089 1473 1230 1542 deserihl
1252 1477 1315 1544 hae
1338 1475 1461 1546 inhuia.

63 1575 69 1661 ζ
139 1577 202 1660 Qui
226 1589 378 1648 memoria
411 1590 529 1648 anxius
566 1600 684 1662 eorum,
724 1600 807 1663 quae
839 1589 927 1664 prius
959 1581 1036 1647 Inus
1057 1584 1229 1648 ealnmniis
1249 1586 1402 1650 inductus
1426 1592 1461 1651 in

62 1682 67 1751 ἕ
139 1683 255 1750 Hellen
278 1696 311 1754 et
334 1688 503 1768 Phrixum,
544 1691 619 1756 dein
642 1695 758 1755 inlecto
788 1707 811 1754 ι
850 1688 973 1754 lunone
996 1687 1105 1754 furore
1126 1689 1160 1755 in
1182 1687 1240 1755 Ino
1262 1689 1461 1757 Learchum·

61 1790 68 1859 ἴ
138 1804 201 1869 que
223 1796 256 1856 et
277 1791 466 1862 Melicerten
502 1792 633 1861 molitus
670 1802 763 1874 esset,
800 1810 992 1876 suorumque
1030 1796 1079 1858 rel
1101 1794 1184 1859 adeo
1202 1797 1310 1878 populi
1347 1805 1463 1862 totius·

60 1932 64 1967 ;
139 1922 269 1986 pressus
292 1899 369 1972 odio
386 1897 440 1982 (oi.
465 1898 547 1968 Non.
570 1902 681 1967 4701.
704 1903 910 1980 miserarent)
946 1901 1078 1966 ridetur
1107 1897 1228 1969 frustra
1251 1909 1401 1985 monitus,
1425 1925 1448 1971 u

58 2078 61 2089 ,
141 2005 331 2079 inexilium
355 2012 462 2076 abiret
484 2005 538 2092 (ci.
562 2005 642 2073 Non.
666 2010 731 2074 aad
756 2007 779 2076 i.
801 2006 978 2091 invadere),
1006 2002 1272 2091 gravissimisque
1317 2005 1461 2079 obiectus

57 2150 62 2191 r
142 2123 306 2202 perieulis,
329 2120 386 2184 sed
408 2123 455 2182 eis
478 2117 604 2181 tandem
627 2123 769 2194 ereptus.
804 2113 907 2193 loque
942 2114 1003 2179 hue
1034 2121 1199 2198 pertinere
1221 2111 1370 2182 existimo
1392 2136 1462 2187 rer·

56 2206 68 2303 Ξ,
139 2243 207 2290 sum
233 2223 327 2307 (Non.
352 2221 514 2303 315,19):

353 2361 515 2429 benefieiis
538 2362 762 2426 hostimentum
787 2357 941 2442 peperisti
964 2379 1075 2444 grave.
1205 2412 1209 2419 .

209 2509 252 2574 hit
290 2505 353 2572 iuit
388 2502 475 2570 iama
513 2501 740 2571 Athamantem
779 2519 800 2570 a
834 2500 989 2585 Nephele,
1022 2500 1113 2585 'quae
1150 2520 1268 2586 poenas
1301 2515 1462 2590 repeteret

53 2605 79 2687 ξ-
142 2616 253 2683 Phrixi
277 2621 311 2678 et
332 2611 443 2676 Helles
465 2611 509 2674 ab
531 2611 586 2674 illo
609 2610 783 2690 laesorum,
805 2609 948 2674 adieris
971 2626 1062 2674 aram
1085 2603 1247 2674 uictimam
1270 2613 1457 2695 deductum,

51 2694 57 2785 i
139 2724 196 2789 sed
219 2720 368 2787 Herculis
391 2713 576 2784 interuentu
599 2722 774 2782 serratum.
800 2714 943 2806 Eundem
968 2708 1107 2778 eieetum
1130 2730 1170 2779 ex
1185 2713 1315 2782 Boeotia
1329 2720 1459 2786 tandem

140 2826 264 2893 oraculi
286 2830 410 2888 monitu
431 2823 523 2900 aedes
545 2819 652 2884 fixisse
684 2838 782 2885 noras
815 2815 850 2883 in
873 2825 975 2897 terra,
1000 2835 1096 2899 quam
1132 2817 1370 2887 Athamantiam
1406 2841 1461 2890 ro·
1562 2857 1566 2864 ·

50 2916 55 3015 f,
140 2942 241 3010 earet,
263 2929 375 3009 ibique
397 2937 527 2992 tertium
550 2928 647 2992 inisse
669 2926 905 2991 matrimonium
929 2931 1041 2989 narrat
1073 2925 1289 3005 Apollodorus
1312 2925 1338 3003 1,
1362 2925 1393 3006 9,
1417 2933 1455 2995 2.

49 3031 53 3097 l
142 3038 274 3106 Relioua
301 3040 436 3099 ineerta.
476 3031 680 3114 Fragmenta,
717 3038 753 3092 ιιι
775 3031 987 3109 complurium
1021 3028 1111 3092 Aeoli
1133 3026 1328 3094 fabularum.
1349 3048 1371 3095 a
1391 3034 1459 3097 solo

48 3162 53 3227 ι
141 3147 268 3208 serrata
289 3139 402 3204 Nonio.

569 3272 573 3285 ¹
685 3323 759 3390 xx.
782 3324 911 3391 nomm.

44 3518 49 3629 ζ
171 3548 174 3555 ’
210 3530 408 3599 Grauissima
429 3532 523 3596 Atrei
538 3545 576 3595 ae
594 3517 757 3612 'Thyestae
778 3524 919 3592 fratrum
940 3521 1028 3591 inter
1049 3543 1084 3592 se
1107 3522 1193 3606 odia,
1207 3537 1303 3607 ‘quae
1327 3534 1459 3610 ignorat

43 3710 49 3723 ,
145 3637 314 3714 Homerus,
352 3637 471 3701 Atticis
510 3639 647 3716 tragicis
678 3632 752 3697 inde
775 3647 796 3695 a
819 3629 985 3711 Sophocle,
1010 3625 1103 3695 euius
1140 3627 1203 3694 init
1225 3630 1356 3710 atreus,
1377 3627 1459 3696 item

144 3744 262 3824 duplex
284 3737 438 3824 Thyestes
460 3740 507 3819 (et
529 3739 696 3821 lluripldis
718 3743 839 3804 citatur
860 3736 1038 3819 lhyestes),
1055 3734 1344 3817 frequentissimam
1366 3752 1461 3820 prae·

41 3840 46 3907 i
146 3849 244 3912 buare
268 3846 435 3910 materiam
458 3839 649 3920 carminum,
672 3841 788 3905 deinde
819 3847 853 3904 et
876 3841 1037 3905 Romanis.
1073 3839 1160 3920 Quos
1182 3841 1233 3906 rel
1255 3838 1315 3904 hoe
1336 3841 1457 3905 allexit

144 3955 229 4033 quod
250 3969 291 4019 ea
313 3947 532 4033 largissimum
554 3944 734 4013 offerebant
763 3961 909 4028 eampum
942 3939 1087 4012 artificiis
1110 3939 1362 4030 praestigiisque
1385 3942 1460 4011 rhe-

38 4034 46 4183 {s
145 4051 264 4133 toriois,
302 4051 479 4121 caesarum
515 4059 657 4133 tempore
692 4055 789 4115 etiam
821 4055 1013 4116 ooeaslonem
1050 4052 1220 4133 perorandi
1241 4055 1274 4116 in
1297 4058 1461 4134 tyrannos,

38 4136 44 4244 i
145 4178 207 4227 non
220 4161 358 4241 quidem
379 4175 507 4239 sempor
528 4164 666 4237 impune.
690 4154 771 4221 Nam
795 4151 924 4224 Tiberio
946 4162 1127 4238 imperante
1151 4157 1270 4222 Atreus
1291 4151 1462 4238 tragoedia

36 4266 47 4369 ᾗ
145 4266 235 4332 exitii
258 4279 357 4330 eausa
378 4257 487 4329 extitit
509 4257 646 4329 Aemilio
668 4259 799 4331 Seauro
822 4259 872 4328 (ιι.
897 4261 975 4328 Tae.
997 4260 1115 4326 Annei.
1148 4258 1203 4340 Vl,
1226 4262 1280 4329 29.

34 4490 40 4601 l

211 4364 320 4454 Igitur
342 4369 425 4434 idem
447 4375 689 4452 argumentum,
711 4370 794 4448 quod
818 4367 955 4451 Thyeste
987 4361 1245 4445 unamines
1265 4373 1463 4454 persecutns,

144 4485 196 4544 eat
217 4471 342 4558 hosius,
356 4489 453 4556 quam
476 4478 602 4537 iuvenis
624 4474 797 4538 admodum
819 4467 950 4555 scripsit
964 4468 1121 4537 tabulam.
