3324 5212
685 313 893 383 ..62-

201 518 331 587 Diutius
352 521 416 585 iam
438 518 602 597 delituisse
624 516 796 602 Telephum
834 515 974 582 mendici
998 513 1112 582 babitu
1137 516 1224 582 inter
1245 514 1387 582 Graecos
1410 514 1451 582 dc

134 628 311 693 momtrant
331 625 398 693 ilia:

343 752 400 832 qui
421 768 524 833 neque
546 749 664 816 cuiatis
687 756 771 817 osset
801 767 952 832 umquam
975 749 1135 832 potuimus

342 855 442 923 inuita
463 855 659 937 erogitautes
681 857 826 926 sciscere

199 981 322 1059 Quibus
345 983 489 1064 proxima
511 982 600 1049 iners
622 1002 662 1050 ea
684 1002 768 1067 quae
789 991 876 1052 suut:

342 1106 484 1194 proiecto
507 1111 731 1195 bauquaquam
755 1116 942 1180 mediocrist
962 1119 1053 1180 ortus
1075 1118 1161 1178 1111.

199 1233 387 1321 Suspicatus
407 1240 536 1325 quidam
559 1257 597 1307 er
620 1237 755 1306 Graecis
777 1239 861 1306 banc
883 1239 985 1323 ipsam
1007 1237 1107 1307 fuisse
1129 1252 1269 1314 causam.
1294 1253 1454 1303 curmon-

132 1353 195 1418 dici
216 1349 321 1430 specie
342 1349 457 1417 lateret
479 1350 546 1416 ilie:

343 1495 415 1544 nam
439 1478 466 1543 is
488 1478 614 1544 demum
639 1478 815 1560 miserest,
839 1485 930 1546 cuius
952 1475 1105 1545 nobilitas
1128 1473 1272 1542 miserias

343 1585 504 1651 nobilitat.

199 1704 279 1774 Tum
303 1710 462 1794 originem
486 1728 576 1778 suam
598 1717 632 1780 et
653 1731 761 1778 rerum
780 1719 902 1778 statum
919 1707 1074 1794 patebscit
1095 1706 1265 1791 Telephus.
1294 1702 1356 1783 Qui
1378 1700 1448 1767 vul·

132 1829 208 1879 uere
230 1814 272 1879 ab
297 1814 421 1884 dcbille
442 1817 535 1883 illato
557 1836 591 1884 se
614 1817 814 1902 impeditum,
846 1817 1012 1900 quominus
1047 1815 1186 1882 Graecos
1213 1812 1315 1878 motos
1336 1810 1380 1878 ad
1403 1811 1453 1876 iu·

132 1927 343 1986 teruecionom
367 1924 526 2002 caederet,
549 1924 730 2006 significare
752 1926 880 2006 ridetur
902 1942 994 1990 versu
1017 1922 1088 1989 boc:

343 2046 462 2144 fluctus
483 2060 605 2117 cruoris
631 2051 832 2117 volverentur
855 2060 922 2116 tum
946 2049 1021 2133 (orn.
1047 2049 1137 2134 cdd.)
1160 2048 1249 2115 mibi.

133 2272 155 2340 d
198 2167 282 2248 Quid
304 2181 412 2242 autem
434 2177 534 2242 secuti
557 2177 780 2255 sintconsilii,
803 2178 979 2260 dequibus
1018 2179 1087 2242 ioco
1110 2181 1162 2240 ter
1184 2191 1205 2239 a
1227 2173 1328 2240 Nonio
1351 2174 1451 2239 citato

156 2272 221 2341 icta
243 2276 335 2344 baec:

296 2458 301 2469 .
325 2448 334 2467 .
360 2454 367 2471 .
393 2406 549 2487 remisque
572 2408 638 2473 nixi
662 2411 840 2489 properiter
872 2424 985 2472 navem
1007 2408 1041 2470 in
1064 2405 1173 2488 lugam

293 2511 465 2578 transduut
485 2510 596 2580 subter
616 2532 695 2580 saxa
718 2517 761 2581 ad
786 2515 919 2592 laevam,
943 2531 1006 2596 qua
1033 2530 1123 2578 mons
1144 2509 1286 2576 mollibat
1309 2523 1407 2582 mare.

134 2631 279 2712 equidem
304 2653 353 2701 me
375 2637 528 2720 ignorare
551 2637 663 2704 fateor.
686 2641 782 2708 Certe
804 2645 979 2706 vanus-est
1000 2637 1203 2714 Ribbecirius,
1237 2632 1291 2716 qui
1314 2631 1453 2714 defuga

134 2738 290 2804 uniusex
311 2739 445 2810 Graecis
465 2762 486 2809 1
508 2744 651 2828 Telepho
687 2747 720 2812 in
742 2763 840 2812 nares
873 2745 1043 2827 compulsis
1073 2741 1259 2824 accipienda
1280 2746 1375 2822 putat
1396 2754 1451 2820 pg.

137 2848 200 2907 147
223 2861 280 2924 sq.;
308 2864 403 2926 quem
425 2851 552 2929 quidem
589 2850 687 2916 latuit
708 2867 730 2915 a
753 2851 854 2914 Neruio
891 2854 970 2929 sot,
996 2854 1036 2913 31
1062 2849 1173 2919 asseri.
1197 2845 1276 2910 iliud
1303 2842 1449 2927 ¹‚lugaml

134 2964 192 3033 pro
215 2951 422 3035 clarigatione
459 2956 544 3038 poni.
587 2955 625 3022 ln
646 2974 711 3040 quo
734 2955 860 3023 etiamsi
896 2971 969 3021 eum
991 2952 1099 3039 potuit
1136 2949 1246 3018 tallere
1276 2951 1451 3030 sententia,

136 3062 242 3125 111111
265 3069 387 3141 auctor,
411 3081 474 3146 quo
497 3083 573 3132 usus
595 3076 655 3144 est,
678 3083 740 3131 uon
778 3063 873 3133 lectio
906 3065 988 3130 hunc
1020 3079 1160 3129 errorem
1183 3060 1247 3126 luit
1269 3059 1452 3127 commissu·

136 3182 201 3239 rus,
219 3167 246 3236 si
268 3170 487 3237 antecessisset
508 3174 593 3255 apud
616 3171 748 3239 Accium
772 3172 910 3239 bostium
936 3168 1119 3254 fugatorum
1143 3171 1270 3236 mentio
1285 3164 1455 3234 -Potius

136 3272 294 3354 quendam
315 3294 354 3341 ex
376 3272 505 3345 Graecis
543 3286 628 3346 circa
667 3283 770 3354 druos
806 3279 976 3345 stationem
998 3277 1166 3360 agentibus
1186 3271 1366 3360 significari
1388 3278 1454 3338 exi·

137 3379 240 3447 etimo.
264 3380 327 3448 Sed
349 3401 505 3466 quaenam
528 3384 624 3452 luerit
646 3386 720 3452 buic
743 3405 841 3455 causa
867 3385 1047 3452 deducendi
1068 3402 1180 3450 narem
1202 3386 1382 3450 obscurum.

206 3485 339 3553 Relicua
360 3486 545 3575 iragmcnta
577 3499 746 3557 maximam
784 3495 908 3575 partem
931 3490 1012 3557 satis
1051 3494 1163 3572 aperta
1185 3496 1219 3554 11
1240 3484 1453 3570 probabiliter

138 3592 295 3674 explicata
316 3612 338 3660 a
362 3596 547 3664 Ribbecldo.

179 3762 181 3766 ,
205 3696 314 3764 Finem
337 3699 466 3768 fabulae
498 3701 573 3770 lecit
603 3690 690 3770 baud
723 3702 820 3769 dubie
854 3700 1011 3772 liberatus
1046 3699 1175 3766 vulnere
1196 3707 1230 3764 11
1259 3716 1280 3763 1
1309 3695 1452 3779 Graecis,

138 3820 273 3970 puerum
294 3811 505 3874 comitaturus
543 3817 628 3876 asset
666 3809 912 3893 expeditionem,
934 3816 968 3876 in
991 3825 1126 3889 regnum
1152 3806 1369 3872 restituendus
1394 3802 1455 3870 'ie-

151 3909 264 3990 epbus.
716 3908 718 3913 '

668 4062 783 4132 xnvi.
799 4063 929 4129 Tereus.

210 4216 286 4283 Fuit
308 4217 475 4302 Sophoclis
496 4217 627 4300 Tereus3
649 4236 742 4302 quem
764 4221 840 4304 quin
863 4223 1006 4285 secutum
1029 4222 1190 4283 existimes
1211 4217 1344 4284 Accium
1366 4215 1456 4282 nulia

143 4325 195 4488 {st
215 4340 323 4390 causa
362 4323 470 4391 Etiam
501 4322 651 4392 Philoclis
687 4326 773 4407 apud
812 4321 955 4407 Graecos.
993 4322 1077 4389 birli
1109 4322 1196 4405 apud
1217 4323 1374 4390 Romanoa
1395 4319 1458 4432 tuit

170 4444 273 4494 orsus.
1409 4448 1411 4453 ·

211 4531 358 4600 Fabulae
380 4532 477 4598 talem
500 4530 567 4600 lere
603 4530 701 4600 tuisse
730 4534 911 4633 (1111111111,Ι
946 4532 1073 4617 qualem
1110 4532 1253 4600 ridemus
1282 4531 1317 4600 iu
1347 4526 1459 4601 orioli
