3284 5136
772 361 978 430 ..53-

373 587 496 653 quaere
527 569 609 637 hane
641 563 742 637 Graio
775 563 834 633 iibl
856 575 1054 650 congenerat
1085 576 1219 652 gentum
1246 574 1305 635 aut
1337 585 1495 652 generum
1602 546 1607 601 ³

1260 672 1428 744 adfinitas?

280 805 370 885 Quae
391 811 525 884 apparet
545 801 588 866 ab
610 819 673 867 unu
709 820 750 867 ex
774 796 976 886 Argonautis
1009 802 1109 879 diota,
1153 800 1286 866 fortasse
1323 801 1366 866 ah
1391 799 1531 867 florenis
1605 810 1608 855 ῖ

175 911 276 983 vel,
304 911 388 992 quod
413 916 541 990 propius
562 911 655 974 obesi
676 927 697 974 a
719 908 797 987 fide,
822 909 942 974 azoto
975 909 1025 974 rel
1047 907 1149 983 Calai,
1173 925 1310 988 quorum
1337 914 1439 973 mater
1461 917 1532 974 erat
1605 964 1609 977 .

162 1016 374 1100 Orithyia,
399 1016 584 1093 Erechthei,
609 1018 737 1082 Atiloae
759 1011 859 1099 regis,
883 1014 962 1095 filia,
987 1024 1080 1098 pater
1111 1014 1241 1094 Boreas,
1266 1023 1302 1078 ut
1328 1012 1531 1097 Cleopatrae,
1602 1012 1609 1058 ,-:

44 1124 48 1132 '
160 1139 283 1192 cum
324 1118 437 1190 urorito
459 1131 544 1191 esset
577 1118 741 1200 miraculo.
764 1124 848 1206 qood
888 1117 1039 1199 Phineus.
1063 1123 1156 1189 homo
1194 1120 1349 1200 Graecus,
1388 1117 1533 1188 duxisset
1603 1112 1609 1137 ¹

156 1225 347 1297 Idaeam
368 1249 409 1297 ex
434 1231 599 1315 Phrygum
622 1232 696 1298 sire.
710 1233 815 1296 utaiii
839 1235 985 1305 narrant,
1000 1229 1192 1313 Scytharum
1210 1238 1432 1312 gunteortam.
1448 1229 1532 1294 Nom

157 1327 300 1404 illud
328 1335 558 1424 ,congenerat'
586 1353 642 1422 pro
669 1337 867 1424 ‚adiungit“‚
895 1338 1073 1418 ,adsociat¹
1093 1336 1213 1402 dietum
1232 1339 1370 1404 testatur
1392 1330 1529 1423 Nonius.
1607 1398 1609 1405 .

281 1444 332 1510 Ex
355 1445 404 1510 his
426 1453 532 1511 autem
555 1453 691 1526 apparet
714 1441 847 1529 Phinea,
873 1446 923 1509 rei
946 1446 1030 1526 quod
1057 1444 1218 1510 Arcadiae
1235 1461 1346 1528 regem
1364 1441 1462 1509 inisse
1480 1459 1533 1509 re·
1605 1512 1609 1519 ,

154 1543 341 1617 ferrent
363 1545 494 1634 quidam
517 1554 566 1619 rol
590 1549 675 1634 quod
698 1547 821 1634 Cadmi,
845 1547 901 1635 qui
935 1551 1063 1618 Thebas
1085 1552 1227 1618 condidit
1241 1568 1299 1616 sen
1322 1546 1424 1615 irater
1446 1554 1531 1614 esset
1607 1554 1611 1639 j

152 1668 269 1722 Sem
295 1657 408 1722 fratris
439 1657 525 1724 fiilos
547 1663 635 1734 (nam
658 1655 820 1742 Agenoris
855 1659 904 1722 rel
938 1657 996 1724 filil
1019 1653 1116 1721 huius
1144 1651 1434 1721 Phoenicis'filium
1457 1671 1534 1735 per·

154 1754 396 1843 bibebant),
420 1759 542 1830 dictum
561 1759 727 1837 Graecum.
753 1765 799 1830 rel
823 1760 940 1847 polius,
955 1765 1043 1845 quod
1064 1757 1278 1845 antiquissimi
1296 1760 1417 1828 toeniae
1428 1759 1532 1826 'lirra-

153 1872 293 1939 eine.
319 1873 455 1935 mulium
478 1869 598 1938 diversi
621 1870 669 1936 illi
691 1874 734 1938 ah
758 1870 918 1949 insecutis,
953 1889 1080 1950 semper
1112 1886 1171 1951 pro
1196 1869 1404 1950 popularibus
1428 1872 1531 1933 habiti

156 1984 291 2041 zunt
322 1992 343 2042 a
373 1973 514 2054 Graecis,
538 1973 594 2059 qui
626 1980 705 2044 adeo
727 1979 834 2044 unitus
866 1985 988 2061 proprii
1020 1985 1114 2043 initia
1150 1978 1193 2040 ad
1217 1974 1346 2055 Orphea
1369 1974 1530 2039 rettulere
1608 1966 1611 2033 i

154 2070 383 2147 Thracem.
1058 2129 1060 2134 .

63 2205 67 2211 ·
280 2188 464 2256 Detur-haia
495 2206 597 2256 uxore
629 2197 735 2273 priore
759 2193 888 2256 ridetur
920 2188 954 2256 in
979 2186 1094 2256 Phinei
1126 2208 1228 2274 regno
1255 2189 1302 2270 (id
1327 2189 1410 2270 quod
1434 2203 1531 2268 saepe

160 2304 288 2372 post
310 2295 429 2362 seelera
452 2304 583 2378 patrata
605 2295 723 2363 laetum
747 2297 877 2363 fabulae
901 2300 1050 2378 narrant)
1087 2297 1299 2363 infecunditas
1322 2303 1396 2360 orta
1428 2309 1532 2374 eaque
1610 2304 1614 2361 ἱ

161 2413 310 2470 eausa
325 2399 410 2469 meta
423 2402 537 2470 idaeae
551 2406 741 2471 stimulandi
757 2411 919 2485 maritum,
930 2415 966 2470 ni
982 2412 1014 2471 ln
1030 2402 1236 2486 cleopatram
1252 2407 1388 2482 eiusque
1410 2401 1531 2467 hheros
1611 2396 1614 2403 ’

164 2509 368 2587 saeviret,
391 2511 476 2592 quod
490 2509 613 2575 dieerot
623 2510 779 2577 veneficiis
802 2511 892 2576 lilius
913 2506 1129 2578 calamitatem
1144 2513 1257 2588 ortam,
1279 2515 1307 2574 si
1330 2508 1421 2572 modo
1443 2517 1532 2574 reete
1611 2542 1615 2579 ;

160 2609 387 2711 festitutus
409 2623 459 2682 est
483 2635 603 2696 uersus,
628 2613 686 2701 qui
710 2615 836 2703 legitur
858 2637 911 2700 ap.
936 2617 1005 2685 Non
1030 2621 1086 2694 20.
1112 2622 1165 2684 26:

425 2746 590 2805 sementim
613 2743 698 2824 (edd.
727 2739 902 2823 „serenis‘)
924 2740 1068 2807 sterilem
1094 2759 1162 2806 esse
1184 2736 1273 2804 illios
1288 2757 1386 2820 opera
1409 2746 1443 2803 et
1465 2755 1531 2803 me·
1613 2772 1616 2829 j

1115 2845 1222 2913 diuina
1242 2855 1424 2912 autumans.
1614 2846 1616 2851 ’

280 2968 401 3038 Parum
432 2980 518 3039 certe
552 2976 683 3059 elegans
718 2985 806 3056 puto,
831 2978 916 3058 qood
952 2971 1148 3043 Ribbeokius
1182 2980 1287 3056 posuit
1312 2991 1363 3053 „se
1399 2977 1530 3038 renenis
1613 2948 1634 3009 Ὗ

160 3073 390 3154 8tserilem'¹;
414 3081 500 3159 quod
523 3081 651 3162 quidem
674 3084 805 3162 perinde
829 3084 872 3147 ad
895 3081 1023 3146 idaeam
1046 3078 1245 3146 referendum
1268 3084 1402 3144 oensuit.
1613 3084 1618 3107 ¹

283 3176 429 3267 Versum
451 3192 508 3269 qni
529 3195 587 3256 ost:

424 3319 460 3375 at
482 3315 570 3391 (odd.
600 3314 689 3393 μιν)
710 3330 805 3394 saepo
828 3331 867 3377 ex
890 3313 1005 3377 humill
1026 3315 1102 3377 sede
1124 3307 1263 3376 sublima
1285 3314 1401 3389 erolat,
1497 3282 1499 3286 ὗ

163 3435 351 3515 minime,
374 3444 412 3501 ut
434 3435 607 3502 ltihboohlo
641 3432 764 3517 plau-uit
790 3437 859 3522 (pg.
885 3438 973 3520 542),
986 3439 1026 3503 de
1048 3431 1200 3523 Harpyiis
1222 3442 1439 3520 accipiendum
1461 3449 1524 3508 exi·
1616 3502 1619 3509 .

168 3542 319 3620 Sumo,
342 3543 397 3608 sed
422 3544 541 3609 dictum
565 3543 605 3607 de
628 3540 945 3624 mente'cleopairae
968 3542 1018 3608 rel
1039 3539 1181 3608 filiorum
1215 3549 1295 3624 eins,
1319 3552 1376 3627 qui
1403 3555 1530 3632 magni·
1615 3564 1619 3610 ῑ

157 3636 327 3714 tudine
350 3654 448 3714 animi
470 3647 589 3716 firmati
612 3657 646 3716 et
667 3656 848 3714 innocentia
881 3667 940 3714 sna
962 3647 1039 3714 ireil
1062 3648 1219 3716 humanos
1255 3667 1361 3730 casus,
1384 3658 1421 3716 ut
1442 3649 1529 3719 inira
1612 3664 1619 3737 3

157 3749 241 3814 δε
270 3752 396 3836 positos¹
419 3763 617 3838 spernerent.
640 3752 767 3821 Similia
789 3772 886 3838 saepe
909 3756 949 3821 ds
973 3763 1079 3821 mente
1103 3753 1152 3820 rei
1176 3760 1280 3821 animo
1304 3754 1383 3839 (sire
1406 3759 1528 3844 anima)
1615 3758 1618 3763 '

160 3855 421 3941 ¹'operiuntur
443 3870 475 3927 ln
497 3858 660 3929 ciceronis
681 3861 774 3930 libris
796 3864 836 3929 de
860 3863 1071 3945 philosophia.

222 3979 225 3983 ·
281 3966 397 4031 Verbis
419 3963 494 4033 illis:
1169 3978 1172 3983 ’

355 4161 358 4167 ,
424 4087 518 4155 salsis
539 4109 684 4157 eruorem
708 4100 813 4174 guttis
834 4095 1042 4157 lacrimarum
1067 4093 1151 4156 larlt

164 4211 337 4281 “mnino
358 4219 501 4280 existimo
523 4213 698 4297 significari
722 4215 842 4280 lucium
866 4215 981 4279 Phinei
1003 4214 1043 4279 de
1067 4212 1233 4280 interiecto
1255 4213 1351 4282 Idaea
1369 4215 1524 4300 dolentis3

172 4314 404 4401 quamquam
426 4335 537 4400 parum
561 4319 594 4382 ld
617 4315 785 4400 probabile
808 4319 935 4383 ridetur
957 4318 1143 4384 ltibbeohlo.

281 4420 370 4506 Quod
392 4422 435 4489 ad
457 4420 582 4486 reiieua
604 4418 795 4505 fragmenta,
820 4418 867 4487 eis
889 4438 971 4502 quae
993 4431 1078 4487 sunta

422 4544 577 4624 obtorque
600 4551 718 4625 prorlm
740 4562 776 4609 ae
798 4561 900 4625 suppa
922 4553 1024 4610 tortas
1046 4547 1187 4627 copulam
1310 4533 1313 4540 ’

422 4654 521 4714 taeite
544 4650 689 4714 tonsillas
710 4645 805 4715 litore
827 4658 859 4714 in
884 4651 966 4716 leeio
987 4647 1073 4717 edite
