3284 5136
719 309 959 404 --ee-¹

235 519 303 584 Non
327 517 536 598 improbabile
569 517 708 597 Agrium
740 509 776 577 in
800 521 944 594 tempore
982 520 1149 591 monitum,
1173 518 1212 577 ut
1231 512 1367 578 consilia
1388 530 1483 594 pree·
1509 557 1511 561 -

168 631 299 692 careret
320 620 492 688 Diomedis.
535 621 585 684 Ad
607 615 785 698 praemium
808 628 915 685 autem
947 624 1059 686 nuntio
1081 620 1139 682 tali
1164 619 1402 698 rependendum
1425 634 1482 700 po·
1608 610 1611 673 ζ

168 739 301 796 tuoruut
322 736 485 810 pertinere
507 726 594 790 haec:

377 849 516 932 benigne
537 843 568 912 ei
591 863 650 930 pro
669 847 824 927 ‚beneficio
847 843 935 932 largi
958 857 1059 929 atque
1080 848 1240 932 ampliter.

236 973 296 1039 Vbi
322 967 443 1054 „iargi“
470 973 589 1035 dictum
613 987 671 1050 pro
698 970 871 1053 ,iargire‘.
1491 1005 1512 1015 ,.

236 1079 457 1163 impotentiam
482 1078 577 1161 Agrii
598 1079 685 1159 apud
710 1075 890 1144 Diomedem
912 1074 1082 1159 cniydonti
1112 1085 1296 1159 queruntur
1318 1078 1376 1145 ita:
1608 1068 1613 1109 '²

588 1202 680 1268 ioede
702 1200 942 1269 'exanclarimus
1064 1254 1066 1258 .

380 1335 505 1412 tyranni
529 1345 659 1393 saeuum
681 1329 846 1410 ingenium
870 1336 968 1408 atque
991 1323 1184 1393 execrabile.

530 1509 648 1577 XXIV.
672 1509 776 1576 XXV.
799 1507 949 1592 Epigoni.
977 1511 1144 1592 Eriphyla.

238 1673 276 1738 ln
300 1670 466 1752 Epigonon
489 1660 657 1749 tragoedia
689 1664 873 1748 Sophoclem
909 1668 1111 1732 observasse·
1131 1670 1260 1731 ridetur
1291 1668 1418 1748 Acciue3
1441 1665 1483 1732 oi.
1614 1707 1616 1713 -

173 1776 239 1844 (lic.
261 1776 301 1839 de
325 1769 444 1851 optimo
466 1791 541 1852 gen.
566 1781 647 1835 orat.
672 1776 703 1849 6,
725 1777 777 1836 18.
820 1767 991 1850 Reliquiae
1023 1771 1142 1852 duplici
1175 1773 1325 1837 laborant
1346 1769 1485 1835 diifieul·
1615 1804 1618 1813 ·

173 1889 251 1947 tate.
275 1878 418 1944 Primum
442 1875 524 1941 enim
548 1882 675 1959 saepius
711 1871 773 1941 iila
808 1876 1014 1941 librariorum
1049 1880 1145 1958 eulpa
1166 1875 1296 1943 coniusa
1317 1894 1389 1942 eum
1412 1875 1486 1940 Eri·
1615 1893 1618 1903 ⁴

175 2004 270 2070 gorra,
293 1986 334 2046 de
356 1998 420 2060 qua
444 1999 479 2043 re
502 1997 611 2059 supra,
635 1982 695 2043 sub
717 1998 765 2046 nr.
790 1980 831 2056 V;
857 1979 912 2055 vt,
938 1989 1119 2044 memorari.
1143 1981 1357 2062 Quamobrem
1387 1987 1484 2046 ettam
1574 1971 1577 1978 ’

175 2091 268 2156 buius
289 2086 419 2153 iabuiae
441 2087 597 2166 quaedam
621 2092 716 2150 erunt
738 2087 955 2163 retractanda,
979 2103 1116 2167 quorum
1139 2087 1179 2151 de
1203 2089 1330 2169 origine
1352 2104 1413 2150 non
1435 2104 1487 2151 sa·
1520 2134 1526 2148 .
1614 2066 1619 2077 ⁴

174 2203 216 2260 tis
239 2201 371 2259 constat.
395 2191 568 2254 Praeterea
589 2192 759 2254 dubitatur
780 2208 821 2255 an
845 2190 1012 2273 Epigoni
1034 2193 1148 2255 eadem
1171 2192 1223 2271 sit,
1245 2196 1331 2255 sicut
1352 2191 1509 2254 nonnul··
1616 2166 1620 2223 3

54 2318 71 2333 ·
175 2303 215 2366 iis
238 2304 339 2363 risum
361 2313 433 2362 cunt
466 2295 587 2370 Bomio,
624 2312 706 2376 quae
740 2295 905 2379 Eriphyla,
928 2314 968 2361 ox
992 2313 1057 2376 qua
1081 2314 1177 2361 unum
1200 2313 1325 2360 versum
1349 2301 1487 2359 serravit
1616 2295 1620 2367 ς

175 2406 329 2471 Priscian.
366 2419 422 2484 pg.
450 2405 524 2468 699.
542 2435 580 2447 -
599 2399 661 2466 Sed
686 2409 811 2465 omnino
842 2402 1061 2466 horatiorum
1085 2419 1106 2465 a
1129 2401 1371 2480 probabilitate.
1391 2399 1486 2464 iiiito
1614 2388 1621 2431 ²

176 2511 258 2595 quod
282 2515 377 2575 otiam
402 2504 566 2590 Sophoclis
588 2515 721 2588 praeter
744 2506 907 2592 Epigonos
929 2514 1051 2574 citatur
1076 2509 1231 2590 Eriphyla
1254 2507 1423 2591 tragoedia
1433 2525 1488 2572 ne·
1616 2554 1620 2597 3

177 2632 241 2697 que
262 2629 394 2694 usquam
418 2608 575 2676 traditum
599 2619 771 2692 utramque
796 2630 865 2677 esse
903 2615 1050 2682 eandem:
1074 2615 1107 2676 id
1130 2613 1213 2692 quod
1237 2607 1361 2691 placuit
1399 2610 1488 2673 Wei·
1607 2606 1620 2694 ,Α

178 2721 285 2786 chero.
311 2716 375 2784 Sed
397 2733 499 2797 neque
525 2713 685 2800 Epigonos
707 2720 788 2781 satis
811 2725 896 2782 recte
920 2725 1061 2798 potuisse
1084 2713 1217 2782 inscribi
1240 2715 1399 2790 tabulam,
1425 2733 1502 2794 qna¹
1610 2704 1621 2765 ’ἶ

179 2842 237 2888 non
261 2831 364 2887 minus
386 2838 482 2900 quem
505 2822 545 2884 de
567 2822 632 2883 iliis
655 2823 695 2884 de
717 2820 889 2884 interiecta
921 2823 964 2884 ab
987 2822 1160 2885 Alcmeone
1174 2888 1176 2891 ,
1191 2828 1295 2884 matre
1317 2829 1486 2901 ageretur,
1540 2811 1564 2909 J
1619 2802 1621 2806 Α

179 2946 280 3008 nequo
316 2925 503 3008 Eriphylen.
541 2942 606 3004 quc
641 2927 682 2990 de
704 2922 905 3006 expeditione
940 2928 1096 2990 adversus
1132 2926 1261 2991 Thebas
1290 2928 1488 2991 instituenda
1618 2954 1622 2991 ε

180 3039 371 3097 tractaretur
392 3037 482 3093 tanto
505 3033 675 3109 impendio,
698 3037 777 3093 satis
799 3038 948 3110 apparet.
982 3032 1124 3111 Accedit,
1148 3032 1231 3110 quod
1254 3037 1302 3094 ita
1323 3046 1374 3094 res
1396 3029 1488 3111 plane

180 3141 324 3204 diversae
347 3142 432 3200 inter
466 3152 500 3199 se
523 3142 709 3200 inconcinne
739 3145 864 3200 omnino
895 3138 1100 3217 copulantux3
1141 3136 1232 3200 cuius
1255 3141 1325 3200 vitii
1348 3134 1490 3199 evitandi

181 3250 336 3307 nerninem
359 3240 459 3305 tuisse
482 3236 587 3322 magis
609 3242 786 3306 studiosum
810 3247 949 3325 tragicis
971 3248 1105 3307 vetustis
1127 3247 1263 3305 constat.
1361 3231 1364 3238 '
1615 3306 1624 3319 ,

245 3345 354 3430 Igitur
375 3346 459 3425 quod
483 3341 675 3409 Ribbechius
697 3353 858 3411 existimat
878 3345 1036 3430 Epigonis
1058 3345 1197 3412 describi
1228 3343 1397 3426 Eriphyles
1418 3361 1490 3408 eae·
1585 3343 1592 3350 '

183 3456 266 3529 dom,
291 3456 449 3515 insaniam
471 3458 590 3526 autem,
621 3467 717 3531 quam
756 3451 814 3514 hoc
836 3449 976 3516 facinore
998 3450 1117 3532 polluto
1155 3450 1322 3514 Alcmeoni
1346 3444 1488 3512 incidere

184 3553 378 3625 detinatum
400 3563 483 3638 erat,
506 3557 637 3620 deorum
662 3553 810 3621 beneficio
833 3555 964 3620 dilatum
987 3567 1059 3638 post
1083 3557 1352 3633 bellum,on1nino
1375 3561 1493 3635 impro·

183 3664 330 3727 bandum.
353 3657 454 3739 Quem
477 3665 607 3740 praetor
640 3660 800 3722 diuersam
831 3667 973 3724 veterum
1001 3659 1203 3724 traditionem
1226 3659 1419 3739 praeterque
1441 3673 1491 3734 ea,

185 3782 264 3848 quae
285 3782 382 3846 supra
404 3759 482 3841 dixi,
504 3761 592 3847 fugit
615 3761 701 3829 nullo
725 3772 818 3845 paeto
842 3771 980 3846 potuisse
1009 3758 1168 3848 Epigonis
1190 3765 1303 3828 ducem
1325 3755 1493 3843 designari
1608 3742 1626 3820 f·

185 3867 390 3948 expeditionis
412 3867 453 3931 ab
477 3865 626 3948 Apolline
648 3871 752 3930 rtrum
777 3867 950 3931 matricidii
971 3866 1090 3932 scelere
1113 3866 1281 3948 pollumm.
1622 3848 1627 3895 ³

251 3971 339 4054 Quae
362 3989 432 4034 curn
460 3969 505 4034 ita
528 3977 602 4046 sini,
639 3979 792 4037 contineri
829 3973 984 4054 Epigonis
1020 3981 1158 4052 apparet
1179 3982 1310 4034 conatus
1332 3971 1494 4053 Epigono·
1621 3988 1628 4051 «g

186 4093 255 4140 rum
277 4077 319 4139 ad
344 4071 460 4139 bellum
497 4090 563 4138 una
590 4078 765 4139 ineundum
795 4073 958 4141 excitandi
995 4077 1199 4140 Alcmeonem
1229 4080 1361 4154 eiusque
1391 4070 1496 4159 tergi·
1621 4152 1629 4165 Ι,

188 4188 376 4248 versationes
397 4180 484 4263 (nam
508 4187 647 4261 primum
669 4189 806 4246 omnium
832 4192 970 4247 matrem
992 4185 1108 4261 punire
1134 4178 1330 4247 inanimum
1361 4185 1513 4246 induxe'
1597 4185 1599 4191 ’
1624 4220 1629 4259 .-

188 4294 254 4367 rat)
276 4285 454 4352 calliditate
490 4284 619 4349 illorum
653 4302 686 4349 ec
707 4291 809 4366 ipsius
846 4285 1030 4368 Eriphylae,
1067 4302 1151 4366 quae
1181 4281 1313 4360 iterum.
1347 4294 1385 4350 nt
1419 4292 1496 4352 anto
1598 4266 1630 4343 ,3

118 4395 121 4400 '
188 4386 275 4472 prius
298 4390 419 4456 bellurn
441 4389 638 4470 Thebanum,
660 4402 812 4472 corrupta
844 4398 894 4456 est
915 4390 1108 4471 mnnembus,
1141 4392 1333 4456 auctoritate
1365 4393 1496 4455 tandem

189 4492 369 4563 01010001.
394 4496 543 4577 Apollod.
570 4495 633 4575 lli,
659 4502 691 4574 t,
706 4497 739 4561 2.
