<?xml version="1.0" encoding="UTF-8"?>
<!DOCTYPE html PUBLIC "-//W3C//DTD XHTML 1.0 Transitional//EN"
    "http://www.w3.org/TR/xhtml1/DTD/xhtml1-transitional.dtd">
<html xmlns="http://www.w3.org/1999/xhtml" xml:lang="en" lang="en">
 <head>
  <title>
</title>
<meta http-equiv="Content-Type" content="text/html;charset=utf-8" />
  <meta name='ocr-system' content='tesseract 3.04.00' />
  <meta name='ocr-capabilities' content='ocr_page ocr_carea ocr_par ocr_line ocrx_word'/>
</head>
<body>
  <div class='ocr_page' id='page_1' title='image "./lucianimuelleri00mlgoog_0052.png"; bbox 0 0 3284 5136; ppageno 0'>
   <div class='ocr_carea' id='block_1_1' title="bbox 712 313 920 432">
    <p class='ocr_par' dir='ltr' id='par_1_1' title="bbox 712 313 920 432">
     <span class='ocr_line' id='line_1_1' title="bbox 712 313 920 432; baseline 0 -53"><span class='ocrx_word' id='word_1_1' title='bbox 712 313 920 432; x_wconf 49' lang='grc' dir='ltr'><strong>ῖ-44-</strong></span> 
     </span>
    </p>
   </div>
   <div class='ocr_carea' id='block_1_2' title="bbox 159 474 1592 603">
    <p class='ocr_par' dir='ltr' id='par_1_2' title="bbox 159 474 1592 603">
     <span class='ocr_line' id='line_1_2' title="bbox 159 474 1592 603; baseline -0.031 -19"><span class='ocrx_word' id='word_1_2' title='bbox 159 519 222 603; x_wconf 88' lang='grc'>111)</span> <span class='ocrx_word' id='word_1_3' title='bbox 244 535 265 585; x_wconf 86' lang='grc'><strong>1</strong></span> <span class='ocrx_word' id='word_1_4' title='bbox 287 520 368 600; x_wconf 91' lang='lat' dir='ltr'><strong>pede</strong></span> <span class='ocrx_word' id='word_1_5' title='bbox 390 534 429 583; x_wconf 88' lang='lat' dir='ltr'><strong>ac</strong></span> <span class='ocrx_word' id='word_1_6' title='bbox 447 514 595 597; x_wconf 80' lang='lat' dir='ltr'><strong>scrupea</strong></span> <span class='ocrx_word' id='word_1_7' title='bbox 609 529 685 581; x_wconf 82' lang='lat' dir='ltr'><strong>exeo</strong></span> <span class='ocrx_word' id='word_1_8' title='bbox 707 510 786 580; x_wconf 80' lang='lat' dir='ltr'><strong>dcci</strong></span> <span class='ocrx_word' id='word_1_9' title='bbox 808 519 956 595; x_wconf 90' lang='lat' dir='ltr'><strong>positum:</strong></span> <span class='ocrx_word' id='word_1_10' title='bbox 980 528 1115 595; x_wconf 81' lang='lat' dir='ltr'><strong>scrupea</strong></span> <span class='ocrx_word' id='word_1_11' title='bbox 1136 509 1209 594; x_wconf 74' lang='lat' dir='ltr'><strong>(om,</strong></span> <span class='ocrx_word' id='word_1_12' title='bbox 1232 512 1311 598; x_wconf 46' lang='lat' dir='ltr'><strong>cp),</strong></span> <span class='ocrx_word' id='word_1_13' title='bbox 1333 519 1475 591; x_wconf 47' lang='lat' dir='ltr'><strong>cums„</strong></span> <span class='ocrx_word' id='word_1_14' title='bbox 1547 542 1549 545; x_wconf 82' lang='grc'><strong>,</strong></span> <span class='ocrx_word' id='word_1_15' title='bbox 1587 474 1592 539; x_wconf 71' lang='grc' dir='ltr'>ἒ</span> 
     </span>
    </p>
   </div>
   <div class='ocr_carea' id='block_1_3' title="bbox 159 617 1593 919">
    <p class='ocr_par' dir='ltr' id='par_1_3' title="bbox 159 617 1594 919">
     <span class='ocr_line' id='line_1_3' title="bbox 159 617 1593 706; baseline -0.003 -18"><span class='ocrx_word' id='word_1_16' title='bbox 159 631 268 706; x_wconf 85' lang='lat' dir='ltr'><strong>itaque</strong></span> <span class='ocrx_word' id='word_1_17' title='bbox 290 635 338 691; x_wconf 86' lang='lat' dir='ltr'><strong>est</strong></span> <span class='ocrx_word' id='word_1_18' title='bbox 360 627 392 689; x_wconf 93' lang='lat' dir='ltr'><strong>in</strong></span> <span class='ocrx_word' id='word_1_19' title='bbox 416 623 632 703; x_wconf 84' lang='lat' dir='ltr'><strong>Melanippa‘.</strong></span> <span class='ocrx_word' id='word_1_20' title='bbox 656 622 744 687; x_wconf 93' lang='lat' dir='ltr'><strong>Illud</strong></span> <span class='ocrx_word' id='word_1_21' title='bbox 766 629 875 687; x_wconf 89' lang='lat' dir='ltr'><strong>autem</strong></span> <span class='ocrx_word' id='word_1_22' title='bbox 902 618 1033 701; x_wconf 82' lang='lat' dir='ltr'><strong>,reicis⁸</strong></span> <span class='ocrx_word' id='word_1_23' title='bbox 1067 617 1332 686; x_wconf 76' lang='lat' dir='ltr'>condicionaliter</span> <span class='ocrx_word' id='word_1_24' title='bbox 1353 619 1476 685; x_wconf 85' lang='lat' dir='ltr'><strong>dictum</strong></span> <span class='ocrx_word' id='word_1_25' title='bbox 1589 658 1593 701; x_wconf 59' lang='lat'><em>2</em></span> 
     </span>
     <span class='ocr_line' id='line_1_4' title="bbox 160 725 1593 815; baseline -0.005 -18"><span class='ocrx_word' id='word_1_26' title='bbox 160 736 316 798; x_wconf 85' lang='lat' dir='ltr'><strong>existimo.</strong></span> <span class='ocrx_word' id='word_1_27' title='bbox 347 730 505 815; x_wconf 79' lang='lat' dir='ltr'><strong>‚Religio‘</strong></span> <span class='ocrx_word' id='word_1_28' title='bbox 534 729 585 796; x_wconf 88' lang='lat' dir='ltr'><strong>bic</strong></span> <span class='ocrx_word' id='word_1_29' title='bbox 608 737 645 793; x_wconf 91' lang='lat' dir='ltr'><strong>ut</strong></span> <span class='ocrx_word' id='word_1_30' title='bbox 667 745 762 809; x_wconf 90' lang='lat' dir='ltr'><strong>saepe</strong></span> <span class='ocrx_word' id='word_1_31' title='bbox 783 729 870 810; x_wconf 88' lang='lat' dir='ltr'><strong>apud</strong></span> <span class='ocrx_word' id='word_1_32' title='bbox 904 725 1059 793; x_wconf 85' lang='lat' dir='ltr'><strong>Romanos</strong></span> <span class='ocrx_word' id='word_1_33' title='bbox 1081 733 1280 809; x_wconf 87' lang='lat' dir='ltr'><strong>antiquiores</strong></span> <span class='ocrx_word' id='word_1_34' title='bbox 1303 726 1477 793; x_wconf 85' lang='lat' dir='ltr'><strong>immolam</strong></span> <span class='ocrx_word' id='word_1_35' title='bbox 1587 746 1593 777; x_wconf 63' lang='lat'><strong>¹·</strong></span> 
     </span>
     <span class='ocr_line' id='line_1_5' title="bbox 161 831 1476 919; baseline 0.001 -18"><span class='ocrx_word' id='word_1_36' title='bbox 161 831 298 918; x_wconf 87' lang='lat' dir='ltr'><strong>positum</strong></span> <span class='ocrx_word' id='word_1_37' title='bbox 335 846 471 918; x_wconf 91' lang='lat' dir='ltr'><strong>partem,</strong></span> <span class='ocrx_word' id='word_1_38' title='bbox 511 853 569 919; x_wconf 95' lang='lat' dir='ltr'><strong>pro</strong></span> <span class='ocrx_word' id='word_1_39' title='bbox 604 840 749 916; x_wconf 88' lang='lat' dir='ltr'><strong>opinione</strong></span> <span class='ocrx_word' id='word_1_40' title='bbox 786 840 1008 915; x_wconf 88' lang='lat' dir='ltr'><strong>superstitiosa</strong></span> <span class='ocrx_word' id='word_1_41' title='bbox 1044 836 1095 901; x_wconf 83' lang='lat' dir='ltr'><strong>rel</strong></span> <span class='ocrx_word' id='word_1_42' title='bbox 1120 834 1321 916; x_wconf 88' lang='lat' dir='ltr'><strong>praeiudicio</strong></span> <span class='ocrx_word' id='word_1_43' title='bbox 1356 833 1476 915; x_wconf 88' lang='lat' dir='ltr'><strong>inepto.</strong></span> 
     </span>
    </p>
   </div>
   <div class='ocr_carea' id='block_1_4' title="bbox 166 939 1439 1135">
    <p class='ocr_par' dir='ltr' id='par_1_4' title="bbox 166 939 1439 1135">
     <span class='ocr_line' id='line_1_6' title="bbox 166 939 735 1030; baseline 0 -20"><span class='ocrx_word' id='word_1_44' title='bbox 166 939 339 1030; x_wconf 62' lang='grc' dir='ltr'><strong>,8111111υ</strong></span> <span class='ocrx_word' id='word_1_45' title='bbox 366 947 450 1012; x_wconf 89' lang='lat' dir='ltr'><strong>idem</strong></span> <span class='ocrx_word' id='word_1_46' title='bbox 474 947 559 1027; x_wconf 88' lang='lat' dir='ltr'><strong>quod</strong></span> <span class='ocrx_word' id='word_1_47' title='bbox 586 945 735 1023; x_wconf 85' lang='lat' dir='ltr'><strong>,annia‘.</strong></span> 
     </span>
     <span class='ocr_line' id='line_1_7' title="bbox 228 1045 1439 1135; baseline -0.001 -19"><span class='ocrx_word' id='word_1_48' title='bbox 228 1045 403 1135; x_wconf 85' lang='lat' dir='ltr'><strong>Melanippi</strong></span> <span class='ocrx_word' id='word_1_49' title='bbox 427 1052 467 1118; x_wconf 92' lang='lat' dir='ltr'><strong>de</strong></span> <span class='ocrx_word' id='word_1_50' title='bbox 490 1048 607 1118; x_wconf 78' lang='lat' dir='ltr'><strong>inlecto</strong></span> <span class='ocrx_word' id='word_1_51' title='bbox 629 1067 757 1115; x_wconf 91' lang='lat' dir='ltr'><strong>suorum</strong></span> <span class='ocrx_word' id='word_1_52' title='bbox 780 1055 885 1115; x_wconf 91' lang='lat' dir='ltr'><strong>animo</strong></span> <span class='ocrx_word' id='word_1_53' title='bbox 907 1048 1017 1116; x_wconf 90' lang='lat' dir='ltr'><strong>moniti</strong></span> <span class='ocrx_word' id='word_1_54' title='bbox 1040 1056 1175 1130; x_wconf 91' lang='lat' dir='ltr'><strong>potuere</strong></span> <span class='ocrx_word' id='word_1_55' title='bbox 1202 1065 1271 1115; x_wconf 90' lang='lat' dir='ltr'><strong>esse</strong></span> <span class='ocrx_word' id='word_1_56' title='bbox 1293 1049 1385 1114; x_wconf 90' lang='lat' dir='ltr'><strong>baec:</strong></span> <span class='ocrx_word' id='word_1_57' title='bbox 1438 1111 1439 1115; x_wconf 74' lang='grc'>,</span> 
     </span>
    </p>
   </div>
   <div class='ocr_carea' id='block_1_5' title="bbox 265 1171 1357 1260">
    <p class='ocr_par' dir='ltr' id='par_1_5' title="bbox 265 1171 1357 1260">
     <span class='ocr_line' id='line_1_8' title="bbox 265 1171 1357 1260; baseline -0.004 -18"><span class='ocrx_word' id='word_1_58' title='bbox 265 1194 367 1260; x_wconf 86' lang='lat' dir='ltr'><strong>egone</strong></span> <span class='ocrx_word' id='word_1_59' title='bbox 389 1171 508 1242; x_wconf 79' lang='lat' dir='ltr'><strong>auxilio</strong></span> <span class='ocrx_word' id='word_1_60' title='bbox 533 1177 637 1240; x_wconf 91' lang='lat' dir='ltr'><strong>nudus</strong></span> <span class='ocrx_word' id='word_1_61' title='bbox 660 1183 779 1241; x_wconf 91' lang='lat' dir='ltr'><strong>temere</strong></span> <span class='ocrx_word' id='word_1_62' title='bbox 801 1183 838 1238; x_wconf 91' lang='lat' dir='ltr'><strong>ut</strong></span> <span class='ocrx_word' id='word_1_63' title='bbox 859 1173 942 1238; x_wconf 89' lang='lat' dir='ltr'><strong>besti</strong></span> <span class='ocrx_word' id='word_1_64' title='bbox 965 1190 1014 1239; x_wconf 85' lang='lat' dir='ltr'><strong>me</strong></span> <span class='ocrx_word' id='word_1_65' title='bbox 1037 1180 1177 1239; x_wconf 89' lang='lat' dir='ltr'><strong>animato</strong></span> <span class='ocrx_word' id='word_1_66' title='bbox 1207 1171 1357 1241; x_wconf 78' lang='lat' dir='ltr'><strong>offeram?</strong></span> 
     </span>
    </p>
   </div>
   <div class='ocr_carea' id='block_1_6' title="bbox 162 1303 1478 1492">
    <p class='ocr_par' dir='ltr' id='par_1_6' title="bbox 162 1264 1595 1492">
     <span class='ocr_line' id='line_1_9' title="bbox 226 1303 1478 1393; baseline 0.001 -20"><span class='ocrx_word' id='word_1_67' title='bbox 226 1307 363 1374; x_wconf 89' lang='lat' dir='ltr'><strong>Insidias</strong></span> <span class='ocrx_word' id='word_1_68' title='bbox 386 1303 420 1372; x_wconf 94' lang='lat' dir='ltr'><strong>in</strong></span> <span class='ocrx_word' id='word_1_69' title='bbox 443 1310 532 1373; x_wconf 83' lang='lat' dir='ltr'><strong>silvis</strong></span> <span class='ocrx_word' id='word_1_70' title='bbox 554 1312 695 1372; x_wconf 89' lang='lat' dir='ltr'><strong>structas</strong></span> <span class='ocrx_word' id='word_1_71' title='bbox 718 1306 910 1390; x_wconf 84' lang='lat' dir='ltr'><strong>Melanippo,</strong></span> <span class='ocrx_word' id='word_1_72' title='bbox 934 1323 1028 1388; x_wconf 91' lang='lat' dir='ltr'><strong>quem</strong></span> <span class='ocrx_word' id='word_1_73' title='bbox 1051 1313 1084 1371; x_wconf 93' lang='lat' dir='ltr'><strong>et</strong></span> <span class='ocrx_word' id='word_1_74' title='bbox 1107 1305 1254 1393; x_wconf 78' lang='lat' dir='ltr'><strong>Hyginus</strong></span> <span class='ocrx_word' id='word_1_75' title='bbox 1276 1313 1311 1371; x_wconf 94' lang='lat' dir='ltr'><strong>in</strong></span> <span class='ocrx_word' id='word_1_76' title='bbox 1334 1308 1478 1374; x_wconf 83' lang='lat' dir='ltr'><strong>venando</strong></span> 
     </span>
     <span class='ocr_line' id='line_1_10' title="bbox 162 1413 981 1492; baseline -0.006 -11"><span class='ocrx_word' id='word_1_77' title='bbox 162 1430 183 1481; x_wconf 87' lang='lat' dir='ltr'><strong>a</strong></span> <span class='ocrx_word' id='word_1_78' title='bbox 206 1413 308 1480; x_wconf 79' lang='lat' dir='ltr'><strong>fratre</strong></span> <span class='ocrx_word' id='word_1_79' title='bbox 331 1413 432 1479; x_wconf 89' lang='lat' dir='ltr'><strong>relert</strong></span> <span class='ocrx_word' id='word_1_80' title='bbox 454 1413 665 1492; x_wconf 88' lang='lat' dir='ltr'><strong>interiectum,</strong></span> <span class='ocrx_word' id='word_1_81' title='bbox 689 1417 837 1479; x_wconf 76' lang='lat' dir='ltr'><strong>declarat</strong></span> <span class='ocrx_word' id='word_1_82' title='bbox 860 1431 981 1478; x_wconf 82' lang='lat' dir='ltr'><strong>versus:</strong></span> 
     </span>
    </p>
   </div>
   <div class='ocr_carea' id='block_1_7' title="bbox 99 1532 1372 1752">
    <p class='ocr_par' dir='ltr' id='par_1_7' title="bbox 99 1532 1372 1752">
     <span class='ocr_line' id='line_1_11' title="bbox 266 1532 1372 1621; baseline 0.001 -19"><span class='ocrx_word' id='word_1_83' title='bbox 266 1537 317 1604; x_wconf 90' lang='lat' dir='ltr'><strong>bic</strong></span> <span class='ocrx_word' id='word_1_84' title='bbox 339 1535 555 1619; x_wconf 77' lang='lat' dir='ltr'><strong>Melanippum</strong></span> <span class='ocrx_word' id='word_1_85' title='bbox 577 1534 662 1605; x_wconf 92' lang='lat' dir='ltr'><strong>inter</strong></span> <span class='ocrx_word' id='word_1_86' title='bbox 684 1533 840 1604; x_wconf 89' lang='lat' dir='ltr'><strong>traiectus</strong></span> <span class='ocrx_word' id='word_1_87' title='bbox 863 1554 1035 1621; x_wconf 87' lang='lat' dir='ltr'><strong>nemorum,</strong></span> <span class='ocrx_word' id='word_1_88' title='bbox 1058 1544 1091 1603; x_wconf 93' lang='lat' dir='ltr'><strong>in</strong></span> <span class='ocrx_word' id='word_1_89' title='bbox 1114 1532 1189 1602; x_wconf 91' lang='lat' dir='ltr'><strong>salti</strong></span> <span class='ocrx_word' id='word_1_90' title='bbox 1213 1534 1372 1603; x_wconf 77' lang='lat' dir='ltr'><strong>faucibus.</strong></span> 
     </span>
     <span class='ocr_line' id='line_1_12' title="bbox 99 1670 646 1752; baseline 0.007 -16"><span class='ocrx_word' id='word_1_91' title='bbox 99 1677 103 1685; x_wconf 87' lang='lat'>&#39;</span> <span class='ocrx_word' id='word_1_92' title='bbox 231 1670 351 1737; x_wconf 82' lang='lat' dir='ltr'><strong>Eodem</strong></span> <span class='ocrx_word' id='word_1_93' title='bbox 374 1671 535 1752; x_wconf 90' lang='lat' dir='ltr'><strong>pertinent</strong></span> <span class='ocrx_word' id='word_1_94' title='bbox 556 1671 646 1740; x_wconf 90' lang='lat' dir='ltr'><strong>baec:</strong></span> 
     </span>
    </p>
   </div>
   <div class='ocr_carea' id='block_1_8' title="bbox 268 1797 1423 1986">
    <p class='ocr_par' dir='ltr' id='par_1_8' title="bbox 268 1797 1423 1986">
     <span class='ocr_line' id='line_1_13' title="bbox 268 1797 1177 1882; baseline -0.001 -20"><span class='ocrx_word' id='word_1_95' title='bbox 268 1803 422 1877; x_wconf 91' lang='lat' dir='ltr'><strong>constitit,</strong></span> <span class='ocrx_word' id='word_1_96' title='bbox 449 1797 607 1882; x_wconf 86' lang='lat' dir='ltr'><strong>cognorit,</strong></span> <span class='ocrx_word' id='word_1_97' title='bbox 631 1804 739 1873; x_wconf 87' lang='lat' dir='ltr'><strong>sensit,</strong></span> <span class='ocrx_word' id='word_1_98' title='bbox 762 1799 907 1862; x_wconf 80' lang='lat' dir='ltr'><strong>conlocat</strong></span> <span class='ocrx_word' id='word_1_99' title='bbox 928 1813 996 1863; x_wconf 87' lang='lat' dir='ltr'><strong>sese</strong></span> <span class='ocrx_word' id='word_1_100' title='bbox 1018 1803 1051 1861; x_wconf 94' lang='lat' dir='ltr'><strong>in</strong></span> <span class='ocrx_word' id='word_1_101' title='bbox 1075 1798 1177 1861; x_wconf 87' lang='lat' dir='ltr'><strong>locum</strong></span> 
     </span>
     <span class='ocr_line' id='line_1_14' title="bbox 269 1901 1423 1986; baseline 0 -18"><span class='ocrx_word' id='word_1_102' title='bbox 269 1903 397 1982; x_wconf 73' lang='lat' dir='ltr'><strong>celsum</strong></span> <span class='ocrx_word' id='word_1_103' title='bbox 420 1901 494 1969; x_wconf 89' lang='lat' dir='ltr'><strong>hinc</strong></span> <span class='ocrx_word' id='word_1_104' title='bbox 516 1903 664 1969; x_wconf 91' lang='lat' dir='ltr'><strong>manibus</strong></span> <span class='ocrx_word' id='word_1_105' title='bbox 686 1919 802 1986; x_wconf 91' lang='lat' dir='ltr'><strong>rapere</strong></span> <span class='ocrx_word' id='word_1_106' title='bbox 825 1906 946 1969; x_wconf 91' lang='lat' dir='ltr'><strong>raudus</strong></span> <span class='ocrx_word' id='word_1_107' title='bbox 964 1919 1096 1968; x_wconf 86' lang='lat' dir='ltr'><strong>saxeum</strong></span> <span class='ocrx_word' id='word_1_108' title='bbox 1108 1902 1233 1986; x_wconf 89' lang='lat' dir='ltr'><strong>grande</strong></span> <span class='ocrx_word' id='word_1_109' title='bbox 1254 1909 1288 1968; x_wconf 94' lang='lat' dir='ltr'><strong>et</strong></span> <span class='ocrx_word' id='word_1_110' title='bbox 1309 1918 1423 1986; x_wconf 79' lang='lat' dir='ltr'><strong>grave.</strong></span> 
     </span>
    </p>
   </div>
   <div class='ocr_carea' id='block_1_9' title="bbox 230 2033 1596 2117">
    <p class='ocr_par' dir='ltr' id='par_1_9' title="bbox 230 2033 1596 2117">
     <span class='ocr_line' id='line_1_15' title="bbox 230 2033 1596 2117; baseline -0.001 -19"><span class='ocrx_word' id='word_1_111' title='bbox 230 2033 348 2100; x_wconf 79' lang='lat' dir='ltr'><strong>‘l&#39;amen</strong></span> <span class='ocrx_word' id='word_1_112' title='bbox 374 2037 414 2102; x_wconf 91' lang='lat' dir='ltr'><strong>de</strong></span> <span class='ocrx_word' id='word_1_113' title='bbox 436 2054 501 2117; x_wconf 89' lang='lat' dir='ltr'><strong>quo</strong></span> <span class='ocrx_word' id='word_1_114' title='bbox 523 2038 603 2103; x_wconf 88' lang='lat' dir='ltr'><strong>baec</strong></span> <span class='ocrx_word' id='word_1_115' title='bbox 625 2039 710 2102; x_wconf 93' lang='lat' dir='ltr'><strong>dicta</strong></span> <span class='ocrx_word' id='word_1_116' title='bbox 732 2038 798 2101; x_wconf 90' lang='lat' dir='ltr'><strong>sint</strong></span> <span class='ocrx_word' id='word_1_117' title='bbox 819 2044 987 2101; x_wconf 88' lang='lat' dir='ltr'><strong>incertum.</strong></span> <span class='ocrx_word' id='word_1_118' title='bbox 1011 2035 1092 2100; x_wconf 90' lang='lat' dir='ltr'><strong>Nam</strong></span> <span class='ocrx_word' id='word_1_119' title='bbox 1115 2036 1205 2117; x_wconf 92' lang='lat' dir='ltr'><strong>nullo</strong></span> <span class='ocrx_word' id='word_1_120' title='bbox 1226 2042 1321 2116; x_wconf 91' lang='lat' dir='ltr'><strong>pacto</strong></span> <span class='ocrx_word' id='word_1_121' title='bbox 1336 2035 1481 2099; x_wconf 92' lang='lat' dir='ltr'><strong>adducor</strong></span> <span class='ocrx_word' id='word_1_122' title='bbox 1592 2038 1596 2085; x_wconf 82' lang='grc' dir='ltr'>ἑ</span> 
     </span>
    </p>
   </div>
   <div class='ocr_carea' id='block_1_10' title="bbox 165 2137 1595 2333">
    <p class='ocr_par' dir='ltr' id='par_1_10' title="bbox 165 2137 1595 2333">
     <span class='ocr_line' id='line_1_16' title="bbox 165 2137 1595 2228; baseline 0.003 -24"><span class='ocrx_word' id='word_1_123' title='bbox 165 2147 203 2205; x_wconf 87' lang='grc'><strong>11</strong></span> <span class='ocrx_word' id='word_1_124' title='bbox 223 2142 351 2209; x_wconf 90' lang='lat' dir='ltr'><strong>credam</strong></span> <span class='ocrx_word' id='word_1_125' title='bbox 373 2143 493 2228; x_wconf 83' lang='lat' dir='ltr'><strong>Tydea,</strong></span> <span class='ocrx_word' id='word_1_126' title='bbox 517 2149 618 2210; x_wconf 85' lang='lat' dir='ltr'><strong>rtrum</strong></span> <span class='ocrx_word' id='word_1_127' title='bbox 642 2150 738 2211; x_wconf 92' lang='lat' dir='ltr'><strong>animi</strong></span> <span class='ocrx_word' id='word_1_128' title='bbox 775 2151 903 2210; x_wconf 80' lang='lat' dir='ltr'><strong>maximi</strong></span> <span class='ocrx_word' id='word_1_129' title='bbox 926 2150 959 2212; x_wconf 90' lang='lat' dir='ltr'><strong>ot</strong></span> <span class='ocrx_word' id='word_1_130' title='bbox 982 2137 1129 2226; x_wconf 88' lang='lat' dir='ltr'><strong>spiritus,</strong></span> <span class='ocrx_word' id='word_1_131' title='bbox 1162 2150 1234 2208; x_wconf 88' lang='lat' dir='ltr'><strong>astu</strong></span> <span class='ocrx_word' id='word_1_132' title='bbox 1258 2148 1480 2225; x_wconf 89' lang='lat' dir='ltr'><strong>potiusquam</strong></span> <span class='ocrx_word' id='word_1_133' title='bbox 1591 2180 1595 2189; x_wconf 92' lang='lat'><strong>·</strong></span> 
     </span>
     <span class='ocr_line' id='line_1_17' title="bbox 165 2243 1595 2333; baseline 0.003 -25"><span class='ocrx_word' id='word_1_134' title='bbox 165 2253 198 2309; x_wconf 85' lang='lat' dir='ltr'><strong>ri</strong></span> <span class='ocrx_word' id='word_1_135' title='bbox 219 2243 335 2327; x_wconf 90' lang='lat' dir='ltr'><strong>petisse</strong></span> <span class='ocrx_word' id='word_1_136' title='bbox 357 2246 588 2331; x_wconf 84' lang='lat' dir='ltr'><strong>Melanippum.</strong></span> <span class='ocrx_word' id='word_1_137' title='bbox 612 2253 660 2315; x_wconf 79' lang='lat' dir='ltr'><strong>Ac</strong></span> <span class='ocrx_word' id='word_1_138' title='bbox 682 2251 722 2314; x_wconf 92' lang='lat' dir='ltr'><strong>de</strong></span> <span class='ocrx_word' id='word_1_139' title='bbox 745 2258 915 2330; x_wconf 75' lang='lat' dir='ltr'><strong>utriusque</strong></span> <span class='ocrx_word' id='word_1_140' title='bbox 936 2267 1108 2332; x_wconf 88' lang='lat' dir='ltr'><strong>congressu</strong></span> <span class='ocrx_word' id='word_1_141' title='bbox 1129 2257 1244 2330; x_wconf 88' lang='lat' dir='ltr'><strong>aperte</strong></span> <span class='ocrx_word' id='word_1_142' title='bbox 1268 2249 1346 2313; x_wconf 89' lang='lat' dir='ltr'><strong>haec</strong></span> <span class='ocrx_word' id='word_1_143' title='bbox 1377 2251 1479 2313; x_wconf 84' lang='lat' dir='ltr'><strong>dicta:</strong></span> <span class='ocrx_word' id='word_1_144' title='bbox 1592 2328 1595 2333; x_wconf 24' lang='lat'><em>⁴</em></span> 
     </span>
    </p>
   </div>
   <div class='ocr_carea' id='block_1_11' title="bbox 271 2362 1597 2475">
    <p class='ocr_par' dir='ltr' id='par_1_11' title="bbox 271 2362 1597 2475">
     <span class='ocr_line' id='line_1_18' title="bbox 271 2362 1597 2475; baseline 0.001 -40"><span class='ocrx_word' id='word_1_145' title='bbox 271 2364 397 2437; x_wconf 81' lang='lat' dir='ltr'><strong>obviam</strong></span> <span class='ocrx_word' id='word_1_146' title='bbox 419 2365 488 2437; x_wconf 88' lang='lat' dir='ltr'><strong>cusi</strong></span> <span class='ocrx_word' id='word_1_147' title='bbox 511 2377 549 2453; x_wconf 79' lang='lat' dir='ltr'><strong>it3</strong></span> <span class='ocrx_word' id='word_1_148' title='bbox 576 2390 670 2454; x_wconf 90' lang='lat' dir='ltr'><strong>quem</strong></span> <span class='ocrx_word' id='word_1_149' title='bbox 691 2362 861 2440; x_wconf 80' lang='lat' dir='ltr'><strong>adversum</strong></span> <span class='ocrx_word' id='word_1_150' title='bbox 883 2381 980 2457; x_wconf 88' lang='lat' dir='ltr'><strong>aptus</strong></span> <span class='ocrx_word' id='word_1_151' title='bbox 1003 2374 1090 2440; x_wconf 92' lang='lat' dir='ltr'><strong>alter</strong></span> <span class='ocrx_word' id='word_1_152' title='bbox 1117 2379 1149 2439; x_wconf 93' lang='lat' dir='ltr'><strong>iu</strong></span> <span class='ocrx_word' id='word_1_153' title='bbox 1172 2378 1320 2456; x_wconf 92' lang='lat' dir='ltr'><strong>promptu</strong></span> <span class='ocrx_word' id='word_1_154' title='bbox 1334 2379 1478 2452; x_wconf 88' lang='lat' dir='ltr'><strong>occupat.</strong></span> <span class='ocrx_word' id='word_1_155' title='bbox 1595 2416 1597 2475; x_wconf 63' lang='lat'><em>3</em></span> 
     </span>
    </p>
   </div>
   <div class='ocr_carea' id='block_1_12' title="bbox 233 2487 1598 2591">
    <p class='ocr_par' dir='ltr' id='par_1_12' title="bbox 233 2487 1598 2591">
     <span class='ocr_line' id='line_1_19' title="bbox 233 2487 1598 2591; baseline 0.007 -37"><span class='ocrx_word' id='word_1_156' title='bbox 233 2487 380 2574; x_wconf 90' lang='lat' dir='ltr'><strong>Denique</strong></span> <span class='ocrx_word' id='word_1_157' title='bbox 403 2496 500 2562; x_wconf 88' lang='lat' dir='ltr'><strong>caede</strong></span> <span class='ocrx_word' id='word_1_158' title='bbox 522 2501 710 2579; x_wconf 75' lang='lat' dir='ltr'><strong>perpetrata</strong></span> <span class='ocrx_word' id='word_1_159' title='bbox 732 2496 927 2580; x_wconf 82' lang='lat' dir='ltr'><strong>patefactam</strong></span> <span class='ocrx_word' id='word_1_160' title='bbox 950 2495 1127 2581; x_wconf 88' lang='lat' dir='ltr'><strong>Melanippi</strong></span> <span class='ocrx_word' id='word_1_161' title='bbox 1165 2502 1376 2563; x_wconf 87' lang='lat' dir='ltr'><strong>innocentiam</strong></span> <span class='ocrx_word' id='word_1_162' title='bbox 1414 2496 1482 2561; x_wconf 91' lang='lat' dir='ltr'><strong>ide·</strong></span> <span class='ocrx_word' id='word_1_163' title='bbox 1594 2494 1598 2591; x_wconf 74' lang='grc' dir='ltr'><strong>ξ</strong></span> 
     </span>
    </p>
   </div>
   <div class='ocr_carea' id='block_1_13' title="bbox 168 2599 1396 2812">
    <p class='ocr_par' dir='ltr' id='par_1_13' title="bbox 168 2599 1396 2812">
     <span class='ocr_line' id='line_1_20' title="bbox 168 2599 1384 2688; baseline 0.007 -26"><span class='ocrx_word' id='word_1_164' title='bbox 168 2607 249 2679; x_wconf 88' lang='lat' dir='ltr'><strong>oque</strong></span> <span class='ocrx_word' id='word_1_165' title='bbox 272 2599 382 2682; x_wconf 79' lang='lat' dir='ltr'><strong>Tydea</strong></span> <span class='ocrx_word' id='word_1_166' title='bbox 403 2603 501 2667; x_wconf 93' lang='lat' dir='ltr'><strong>solum</strong></span> <span class='ocrx_word' id='word_1_167' title='bbox 524 2610 665 2684; x_wconf 83' lang='lat' dir='ltr'><strong>patrium</strong></span> <span class='ocrx_word' id='word_1_168' title='bbox 688 2610 814 2671; x_wconf 82' lang='lat' dir='ltr'><strong>vertere</strong></span> <span class='ocrx_word' id='word_1_169' title='bbox 837 2613 979 2671; x_wconf 89' lang='lat' dir='ltr'><strong>eoactum</strong></span> <span class='ocrx_word' id='word_1_170' title='bbox 1002 2606 1170 2688; x_wconf 76' lang='lat' dir='ltr'><strong>probabile</strong></span> <span class='ocrx_word' id='word_1_171' title='bbox 1187 2603 1268 2670; x_wconf 86' lang='lat' dir='ltr'><strong>lacit</strong></span> <span class='ocrx_word' id='word_1_172' title='bbox 1288 2603 1384 2671; x_wconf 90' lang='lat' dir='ltr'><strong>illud:</strong></span> 
     </span>
     <span class='ocr_line' id='line_1_21' title="bbox 272 2717 1396 2812; baseline 0.005 -25"><span class='ocrx_word' id='word_1_173' title='bbox 272 2717 398 2808; x_wconf 82' lang='lat' dir='ltr'><strong>regina,</strong></span> <span class='ocrx_word' id='word_1_174' title='bbox 419 2727 499 2790; x_wconf 90' lang='lat' dir='ltr'><strong>escit</strong></span> <span class='ocrx_word' id='word_1_175' title='bbox 521 2739 654 2812; x_wconf 80' lang='lat' dir='ltr'><strong>tempus,</strong></span> <span class='ocrx_word' id='word_1_176' title='bbox 678 2745 770 2810; x_wconf 91' lang='lat' dir='ltr'><strong>quom</strong></span> <span class='ocrx_word' id='word_1_177' title='bbox 793 2727 864 2793; x_wconf 92' lang='lat' dir='ltr'><strong>bice</strong></span> <span class='ocrx_word' id='word_1_178' title='bbox 887 2735 1004 2809; x_wconf 92' lang='lat' dir='ltr'><strong>torrus,</strong></span> <span class='ocrx_word' id='word_1_179' title='bbox 1027 2745 1122 2809; x_wconf 90' lang='lat' dir='ltr'><strong>quem</strong></span> <span class='ocrx_word' id='word_1_180' title='bbox 1143 2729 1272 2791; x_wconf 85' lang='lat' dir='ltr'><strong>amburi</strong></span> <span class='ocrx_word' id='word_1_181' title='bbox 1297 2725 1396 2793; x_wconf 84' lang='lat' dir='ltr'><strong>rides.</strong></span> 
     </span>
    </p>
   </div>
   <div class='ocr_carea' id='block_1_14' title="bbox 168 2845 1599 3142">
    <p class='ocr_par' dir='ltr' id='par_1_14' title="bbox 168 2845 1599 3142">
     <span class='ocr_line' id='line_1_22' title="bbox 233 2845 1598 2951; baseline 0.003 -42"><span class='ocrx_word' id='word_1_182' title='bbox 233 2845 315 2911; x_wconf 82' lang='lat' dir='ltr'><strong>Nam</strong></span> <span class='ocrx_word' id='word_1_183' title='bbox 337 2849 395 2913; x_wconf 85' lang='lat' dir='ltr'><strong>lroc</strong></span> <span class='ocrx_word' id='word_1_184' title='bbox 417 2851 585 2934; x_wconf 88' lang='lat' dir='ltr'><strong>praesagio</strong></span> <span class='ocrx_word' id='word_1_185' title='bbox 608 2850 748 2918; x_wconf 83' lang='lat' dir='ltr'><strong>fatorum</strong></span> <span class='ocrx_word' id='word_1_186' title='bbox 781 2851 900 2930; x_wconf 88' lang='lat' dir='ltr'><strong>Oenea,</strong></span> <span class='ocrx_word' id='word_1_187' title='bbox 925 2869 996 2917; x_wconf 89' lang='lat' dir='ltr'><strong>eum</strong></span> <span class='ocrx_word' id='word_1_188' title='bbox 1019 2848 1107 2932; x_wconf 81' lang='lat' dir='ltr'><strong>fiilis,</strong></span> <span class='ocrx_word' id='word_1_189' title='bbox 1130 2869 1209 2932; x_wconf 89' lang='lat' dir='ltr'><strong>quos</strong></span> <span class='ocrx_word' id='word_1_190' title='bbox 1231 2858 1303 2932; x_wconf 89' lang='lat' dir='ltr'><strong>post</strong></span> <span class='ocrx_word' id='word_1_191' title='bbox 1325 2849 1485 2914; x_wconf 81' lang='lat' dir='ltr'><strong>Althaeae</strong></span> <span class='ocrx_word' id='word_1_192' title='bbox 1593 2872 1598 2951; x_wconf 52' lang='grc' dir='ltr'>Ξ</span> 
     </span>
     <span class='ocr_line' id='line_1_23' title="bbox 169 2952 1485 3034; baseline 0.003 -18"><span class='ocrx_word' id='word_1_193' title='bbox 169 2958 360 3018; x_wconf 85' lang='lat' dir='ltr'><strong>mortemer</strong></span> <span class='ocrx_word' id='word_1_194' title='bbox 383 2952 539 3022; x_wconf 82' lang='lat' dir='ltr'><strong>Periboea</strong></span> <span class='ocrx_word' id='word_1_195' title='bbox 561 2959 750 3034; x_wconf 81' lang='lat' dir='ltr'><strong>sustulerat,</strong></span> <span class='ocrx_word' id='word_1_196' title='bbox 790 2958 923 3023; x_wconf 90' lang='lat' dir='ltr'><strong>orbatus</strong></span> <span class='ocrx_word' id='word_1_197' title='bbox 954 2958 1155 3023; x_wconf 77' lang='lat' dir='ltr'><strong>calamitates</strong></span> <span class='ocrx_word' id='word_1_198' title='bbox 1176 2957 1287 3021; x_wconf 90' lang='lat' dir='ltr'><strong>domus</strong></span> <span class='ocrx_word' id='word_1_199' title='bbox 1310 2970 1390 3020; x_wconf 91' lang='lat' dir='ltr'><strong>suae</strong></span> <span class='ocrx_word' id='word_1_200' title='bbox 1411 2953 1485 3019; x_wconf 92' lang='lat' dir='ltr'><strong>inde</strong></span> 
     </span>
     <span class='ocr_line' id='line_1_24' title="bbox 168 3059 1599 3142; baseline 0.003 -20"><span class='ocrx_word' id='word_1_201' title='bbox 168 3059 370 3142; x_wconf 85' lang='lat' dir='ltr'><strong>aMeleagri</strong></span> <span class='ocrx_word' id='word_1_202' title='bbox 406 3069 507 3126; x_wconf 84' lang='lat' dir='ltr'><strong>morte</strong></span> <span class='ocrx_word' id='word_1_203' title='bbox 541 3065 780 3141; x_wconf 80' lang='lat' dir='ltr'><strong>recordaretur,</strong></span> <span class='ocrx_word' id='word_1_204' title='bbox 819 3065 879 3128; x_wconf 91' lang='lat' dir='ltr'><strong>sub</strong></span> <span class='ocrx_word' id='word_1_205' title='bbox 917 3062 1011 3128; x_wconf 88' lang='lat' dir='ltr'><strong>linem</strong></span> <span class='ocrx_word' id='word_1_206' title='bbox 1034 3063 1163 3128; x_wconf 84' lang='lat' dir='ltr'><strong>fabulae</strong></span> <span class='ocrx_word' id='word_1_207' title='bbox 1187 3081 1278 3126; x_wconf 92' lang='lat' dir='ltr'><strong>usum</strong></span> <span class='ocrx_word' id='word_1_208' title='bbox 1302 3068 1355 3126; x_wconf 83' lang='lat' dir='ltr'><strong>rix</strong></span> <span class='ocrx_word' id='word_1_209' title='bbox 1377 3063 1487 3141; x_wconf 90' lang='lat' dir='ltr'><strong>potest</strong></span> <span class='ocrx_word' id='word_1_210' title='bbox 1572 3072 1599 3133; x_wconf 69' lang='lat' dir='ltr'><strong>,t</strong></span> 
     </span>
    </p>
   </div>
   <div class='ocr_carea' id='block_1_15' title="bbox 169 3157 1366 3394">
    <p class='ocr_par' dir='ltr' id='par_1_15' title="bbox 169 3157 1366 3394">
     <span class='ocr_line' id='line_1_25' title="bbox 169 3157 1093 3249; baseline 0.009 -21"><span class='ocrx_word' id='word_1_211' title='bbox 169 3157 323 3228; x_wconf 90' lang='lat' dir='ltr'><strong>dubitari.</strong></span> <span class='ocrx_word' id='word_1_212' title='bbox 347 3163 385 3230; x_wconf 93' lang='grc'><strong>11</strong></span> <span class='ocrx_word' id='word_1_213' title='bbox 408 3172 500 3233; x_wconf 85' lang='lat' dir='ltr'><strong>exitu</strong></span> <span class='ocrx_word' id='word_1_214' title='bbox 522 3167 731 3248; x_wconf 89' lang='lat' dir='ltr'><strong>querelarum</strong></span> <span class='ocrx_word' id='word_1_215' title='bbox 754 3174 857 3249; x_wconf 85' lang='lat' dir='ltr'><strong>potuit</strong></span> <span class='ocrx_word' id='word_1_216' title='bbox 880 3185 949 3234; x_wconf 88' lang='lat' dir='ltr'><strong>esse</strong></span> <span class='ocrx_word' id='word_1_217' title='bbox 972 3186 1093 3238; x_wconf 81' lang='lat' dir='ltr'><strong>versus:</strong></span> 
     </span>
     <span class='ocr_line' id='line_1_26' title="bbox 326 3288 1366 3394; baseline 0.002 -42"><span class='ocrx_word' id='word_1_218' title='bbox 326 3288 412 3354; x_wconf 87' lang='lat' dir='ltr'><strong>unde</strong></span> <span class='ocrx_word' id='word_1_219' title='bbox 434 3289 533 3354; x_wconf 81' lang='lat' dir='ltr'><strong>haec?</strong></span> <span class='ocrx_word' id='word_1_220' title='bbox 553 3297 626 3372; x_wconf 85' lang='lat' dir='ltr'><strong>quia</strong></span> <span class='ocrx_word' id='word_1_221' title='bbox 648 3293 791 3355; x_wconf 85' lang='lat' dir='ltr'><strong>mortalis</strong></span> <span class='ocrx_word' id='word_1_222' title='bbox 813 3289 926 3357; x_wconf 84' lang='lat' dir='ltr'><strong>liorem</strong></span> <span class='ocrx_word' id='word_1_223' title='bbox 949 3292 1085 3394; x_wconf 85' lang='lat' dir='ltr'><strong>liberum</strong></span> <span class='ocrx_word' id='word_1_224' title='bbox 1107 3292 1224 3357; x_wconf 86' lang='lat' dir='ltr'><strong>inridit</strong></span> <span class='ocrx_word' id='word_1_225' title='bbox 1246 3291 1366 3355; x_wconf 78' lang='lat' dir='ltr'><strong>meum?</strong></span> 
     </span>
    </p>
   </div>
   <div class='ocr_carea' id='block_1_16' title="bbox 238 3481 1485 3736">
    <p class='ocr_par' dir='ltr' id='par_1_16' title="bbox 238 3481 1485 3736">
     <span class='ocr_line' id='line_1_27' title="bbox 656 3481 1012 3566; baseline 0.011 -20"><span class='ocrx_word' id='word_1_226' title='bbox 656 3481 807 3548; x_wconf 84' lang='lat' dir='ltr'>XXXIV.</span> <span class='ocrx_word' id='word_1_227' title='bbox 834 3482 1012 3566; x_wconf 81' lang='lat' dir='ltr'><strong>Meleager.</strong></span> 
     </span>
     <span class='ocr_line' id='line_1_28' title="bbox 238 3649 1485 3736; baseline 0 -20"><span class='ocrx_word' id='word_1_228' title='bbox 238 3649 284 3716; x_wconf 86' lang='lat' dir='ltr'><strong>De</strong></span> <span class='ocrx_word' id='word_1_229' title='bbox 306 3651 484 3736; x_wconf 78' lang='lat' dir='ltr'><strong>Meleagro,</strong></span> <span class='ocrx_word' id='word_1_230' title='bbox 520 3649 554 3717; x_wconf 93' lang='lat' dir='ltr'><strong>in</strong></span> <span class='ocrx_word' id='word_1_231' title='bbox 583 3672 649 3736; x_wconf 86' lang='lat' dir='ltr'><strong>qua</strong></span> <span class='ocrx_word' id='word_1_232' title='bbox 681 3653 794 3722; x_wconf 83' lang='lat' dir='ltr'><strong>tabula</strong></span> <span class='ocrx_word' id='word_1_233' title='bbox 831 3657 1059 3721; x_wconf 89' lang='lat' dir='ltr'><strong>conscribenda</strong></span> <span class='ocrx_word' id='word_1_234' title='bbox 1095 3652 1262 3736; x_wconf 81' lang='lat' dir='ltr'><strong>Euripidis</strong></span> <span class='ocrx_word' id='word_1_235' title='bbox 1291 3660 1485 3734; x_wconf 89' lang='lat' dir='ltr'><strong>potissimum</strong></span> 
     </span>
    </p>
   </div>
   <div class='ocr_carea' id='block_1_17' title="bbox 170 3756 1600 3950">
    <p class='ocr_par' dir='ltr' id='par_1_17' title="bbox 170 3756 1600 3950">
     <span class='ocr_line' id='line_1_29' title="bbox 170 3756 1600 3844; baseline 0.002 -25"><span class='ocrx_word' id='word_1_236' title='bbox 170 3756 369 3839; x_wconf 88' lang='lat' dir='ltr'><strong>tragoediam</strong></span> <span class='ocrx_word' id='word_1_237' title='bbox 386 3759 617 3844; x_wconf 81' lang='lat' dir='ltr'><strong>&#39;cognominem</strong></span> <span class='ocrx_word' id='word_1_238' title='bbox 652 3763 852 3828; x_wconf 82' lang='lat' dir='ltr'><strong>observatam</strong></span> <span class='ocrx_word' id='word_1_239' title='bbox 888 3762 986 3829; x_wconf 79' lang='lat' dir='ltr'><strong>Accio</strong></span> <span class='ocrx_word' id='word_1_240' title='bbox 1016 3767 1084 3828; x_wconf 84' lang='lat' dir='ltr'><strong>reri</strong></span> <span class='ocrx_word' id='word_1_241' title='bbox 1106 3761 1275 3827; x_wconf 90' lang='lat' dir='ltr'><strong>admodum</strong></span> <span class='ocrx_word' id='word_1_242' title='bbox 1297 3768 1346 3827; x_wconf 87' lang='lat' dir='ltr'><strong>est</strong></span> <span class='ocrx_word' id='word_1_243' title='bbox 1367 3758 1483 3835; x_wconf 87' lang='lat' dir='ltr'><strong>simile,</strong></span> <span class='ocrx_word' id='word_1_244' title='bbox 1586 3758 1600 3797; x_wconf 60' lang='lat' dir='ltr'><strong>&#39;i</strong></span> 
     </span>
     <span class='ocr_line' id='line_1_30' title="bbox 172 3854 1600 3950; baseline -0.004 -18"><span class='ocrx_word' id='word_1_245' title='bbox 172 3863 206 3926; x_wconf 82' lang='lat' dir='ltr'><strong>ld</strong></span> <span class='ocrx_word' id='word_1_246' title='bbox 229 3867 313 3945; x_wconf 85' lang='lat' dir='ltr'><strong>quod</strong></span> <span class='ocrx_word' id='word_1_247' title='bbox 337 3859 457 3944; x_wconf 87' lang='lat' dir='ltr'><strong>primus</strong></span> <span class='ocrx_word' id='word_1_248' title='bbox 478 3861 644 3934; x_wconf 82' lang='lat' dir='ltr'><strong>intellexit</strong></span> <span class='ocrx_word' id='word_1_249' title='bbox 665 3865 790 3949; x_wconf 87' lang='lat' dir='ltr'><strong>Delrio,</strong></span> <span class='ocrx_word' id='word_1_250' title='bbox 816 3888 901 3950; x_wconf 88' lang='lat' dir='ltr'><strong>quae</strong></span> <span class='ocrx_word' id='word_1_251' title='bbox 923 3872 1028 3934; x_wconf 90' lang='lat' dir='ltr'><strong>dicam</strong></span> <span class='ocrx_word' id='word_1_252' title='bbox 1051 3869 1153 3937; x_wconf 87' lang='lat' dir='ltr'><strong>babeo</strong></span> <span class='ocrx_word' id='word_1_253' title='bbox 1189 3885 1366 3949; x_wconf 86' lang='lat' dir='ltr'><strong>perpauca.</strong></span> <span class='ocrx_word' id='word_1_254' title='bbox 1404 3865 1487 3932; x_wconf 85' lang='lat' dir='ltr'><strong>Num</strong></span> <span class='ocrx_word' id='word_1_255' title='bbox 1593 3854 1600 3903; x_wconf 63' lang='lat'><em>2</em></span> 
     </span>
    </p>
   </div>
   <div class='ocr_carea' id='block_1_18' title="bbox 171 3964 1600 4267">
    <p class='ocr_par' dir='ltr' id='par_1_18' title="bbox 171 3964 1600 4267">
     <span class='ocr_line' id='line_1_31' title="bbox 173 3964 1600 4057; baseline 0.003 -23"><span class='ocrx_word' id='word_1_256' title='bbox 173 3964 356 4053; x_wconf 80' lang='lat' dir='ltr'><strong>fragmenta</strong></span> <span class='ocrx_word' id='word_1_257' title='bbox 377 3965 482 4036; x_wconf 77' lang='lat' dir='ltr'><strong>minui</strong></span> <span class='ocrx_word' id='word_1_258' title='bbox 520 3972 635 4057; x_wconf 82' lang='lat' dir='ltr'><strong>viginti</strong></span> <span class='ocrx_word' id='word_1_259' title='bbox 672 3981 840 4041; x_wconf 86' lang='lat' dir='ltr'><strong>maximam</strong></span> <span class='ocrx_word' id='word_1_260' title='bbox 878 3981 1004 4057; x_wconf 89' lang='lat' dir='ltr'><strong>partem</strong></span> <span class='ocrx_word' id='word_1_261' title='bbox 1025 3982 1103 4039; x_wconf 88' lang='lat' dir='ltr'><strong>sunt</strong></span> <span class='ocrx_word' id='word_1_262' title='bbox 1125 3974 1216 4055; x_wconf 86' lang='grc'>11111,</span> <span class='ocrx_word' id='word_1_263' title='bbox 1240 3982 1277 4038; x_wconf 89' lang='grc'><strong>11</strong></span> <span class='ocrx_word' id='word_1_264' title='bbox 1298 3969 1394 4038; x_wconf 81' lang='lat' dir='ltr'><strong>facile</strong></span> <span class='ocrx_word' id='word_1_265' title='bbox 1415 3987 1488 4052; x_wconf 90' lang='lat' dir='ltr'><strong>pos·</strong></span> <span class='ocrx_word' id='word_1_266' title='bbox 1575 3966 1600 4011; x_wconf 77' lang='grc'><strong>’-</strong></span> 
     </span>
     <span class='ocr_line' id='line_1_32' title="bbox 171 4073 1600 4175; baseline 0.003 -37"><span class='ocrx_word' id='word_1_267' title='bbox 171 4079 238 4139; x_wconf 88' lang='lat' dir='ltr'><strong>siut</strong></span> <span class='ocrx_word' id='word_1_268' title='bbox 258 4073 489 4175; x_wconf 81' lang='lat' dir='ltr'><strong>accommodari</strong></span> <span class='ocrx_word' id='word_1_269' title='bbox 520 4080 564 4142; x_wconf 91' lang='lat' dir='ltr'><strong>ad</strong></span> <span class='ocrx_word' id='word_1_270' title='bbox 586 4078 743 4149; x_wconf 82' lang='lat' dir='ltr'><strong>tabulam.</strong></span> <span class='ocrx_word' id='word_1_271' title='bbox 780 4081 908 4160; x_wconf 88' lang='lat' dir='ltr'><strong>qualem</strong></span> <span class='ocrx_word' id='word_1_272' title='bbox 931 4076 1131 4160; x_wconf 75' lang='lat' dir='ltr'><strong>Euripidem.</strong></span> <span class='ocrx_word' id='word_1_273' title='bbox 1170 4086 1260 4158; x_wconf 88' lang='lat' dir='ltr'><strong>puto,</strong></span> <span class='ocrx_word' id='word_1_274' title='bbox 1293 4083 1487 4158; x_wconf 86' lang='lat' dir='ltr'><strong>potissimum</strong></span> <span class='ocrx_word' id='word_1_275' title='bbox 1519 4119 1526 4134; x_wconf 89' lang='lat'><strong>·</strong></span> <span class='ocrx_word' id='word_1_276' title='bbox 1594 4148 1600 4171; x_wconf 73' lang='lat'><strong>‚</strong></span> 
     </span>
     <span class='ocr_line' id='line_1_33' title="bbox 173 4179 1600 4267; baseline 0.006 -24"><span class='ocrx_word' id='word_1_277' title='bbox 173 4179 315 4246; x_wconf 90' lang='lat' dir='ltr'><strong>imitatus</strong></span> <span class='ocrx_word' id='word_1_278' title='bbox 337 4179 470 4249; x_wconf 81' lang='lat' dir='ltr'><strong>Ovidius</strong></span> <span class='ocrx_word' id='word_1_279' title='bbox 492 4181 527 4249; x_wconf 92' lang='lat' dir='ltr'><strong>iu</strong></span> <span class='ocrx_word' id='word_1_280' title='bbox 551 4181 843 4265; x_wconf 84' lang='lat' dir='ltr'><strong>Metamorphoseon</strong></span> <span class='ocrx_word' id='word_1_281' title='bbox 867 4179 1017 4267; x_wconf 92' lang='lat' dir='ltr'><strong>proponit</strong></span> <span class='ocrx_word' id='word_1_282' title='bbox 1031 4179 1146 4251; x_wconf 89' lang='lat' dir='ltr'><strong>libris.</strong></span> <span class='ocrx_word' id='word_1_283' title='bbox 1596 4180 1600 4187; x_wconf 79' lang='grc'><strong>“</strong></span> 
     </span>
    </p>
   </div>
   <div class='ocr_carea' id='block_1_19' title="bbox 240 4260 1600 4370">
    <p class='ocr_par' dir='ltr' id='par_1_19' title="bbox 240 4260 1600 4370">
     <span class='ocr_line' id='line_1_34' title="bbox 240 4260 1600 4370; baseline 0.004 -20"><span class='ocrx_word' id='word_1_284' title='bbox 240 4283 341 4352; x_wconf 86' lang='lat' dir='ltr'><strong>Vnius</strong></span> <span class='ocrx_word' id='word_1_285' title='bbox 374 4288 514 4368; x_wconf 86' lang='lat' dir='ltr'><strong>exiliis,</strong></span> <span class='ocrx_word' id='word_1_286' title='bbox 546 4295 604 4368; x_wconf 85' lang='lat' dir='ltr'><strong>qui</strong></span> <span class='ocrx_word' id='word_1_287' title='bbox 627 4305 691 4352; x_wconf 90' lang='lat' dir='ltr'><strong>una</strong></span> <span class='ocrx_word' id='word_1_288' title='bbox 713 4305 795 4352; x_wconf 86' lang='lat' dir='ltr'><strong>cum.</strong></span> <span class='ocrx_word' id='word_1_289' title='bbox 818 4288 985 4370; x_wconf 78' lang='lat' dir='ltr'><strong>Meleagro</strong></span> <span class='ocrx_word' id='word_1_290' title='bbox 1018 4303 1133 4369; x_wconf 90' lang='lat' dir='ltr'><strong>aprum</strong></span> <span class='ocrx_word' id='word_1_291' title='bbox 1156 4287 1282 4353; x_wconf 89' lang='lat' dir='ltr'><strong>deicere</strong></span> <span class='ocrx_word' id='word_1_292' title='bbox 1312 4293 1408 4351; x_wconf 90' lang='lat' dir='ltr'><strong>erant</strong></span> <span class='ocrx_word' id='word_1_293' title='bbox 1437 4290 1517 4350; x_wconf 80' lang='lat' dir='ltr'><strong>co·&#39;</strong></span> <span class='ocrx_word' id='word_1_294' title='bbox 1592 4260 1600 4355; x_wconf 90' lang='grc'><strong>1</strong></span> 
     </span>
    </p>
   </div>
   <div class='ocr_carea' id='block_1_20' title="bbox 167 4389 1600 4580">
    <p class='ocr_par' dir='ltr' id='par_1_20' title="bbox 167 4366 1600 4597">
     <span class='ocr_line' id='line_1_35' title="bbox 173 4389 1487 4486; baseline -0.001 -30"><span class='ocrx_word' id='word_1_295' title='bbox 173 4391 253 4471; x_wconf 86' lang='lat' dir='ltr'><strong>uati,</strong></span> <span class='ocrx_word' id='word_1_296' title='bbox 275 4394 361 4486; x_wconf 80' lang='lat' dir='ltr'><strong>quod</strong></span> <span class='ocrx_word' id='word_1_297' title='bbox 382 4393 484 4476; x_wconf 89' lang='lat' dir='ltr'><strong>spolia</strong></span> <span class='ocrx_word' id='word_1_298' title='bbox 508 4389 633 4476; x_wconf 89' lang='lat' dir='ltr'><strong>pariter</strong></span> <span class='ocrx_word' id='word_1_299' title='bbox 654 4394 763 4462; x_wconf 82' lang='lat' dir='ltr'><strong>relata</strong></span> <span class='ocrx_word' id='word_1_300' title='bbox 790 4401 825 4460; x_wconf 91' lang='lat' dir='ltr'><strong>et</strong></span> <span class='ocrx_word' id='word_1_301' title='bbox 847 4409 996 4461; x_wconf 89' lang='lat' dir='ltr'><strong>eoronam</strong></span> <span class='ocrx_word' id='word_1_302' title='bbox 1016 4403 1178 4477; x_wconf 90' lang='lat' dir='ltr'><strong>acceptam</strong></span> <span class='ocrx_word' id='word_1_303' title='bbox 1216 4394 1385 4461; x_wconf 88' lang='lat' dir='ltr'><strong>tribuisset</strong></span> <span class='ocrx_word' id='word_1_304' title='bbox 1406 4389 1487 4456; x_wconf 77' lang='lat' dir='ltr'><strong>Ata·</strong></span> 
     </span>
     <span class='ocr_line' id='line_1_36' title="bbox 167 4494 1600 4580; baseline 0.003 -16"><span class='ocrx_word' id='word_1_305' title='bbox 167 4496 283 4564; x_wconf 72' lang='lat' dir='ltr'><strong>burm</strong></span> <span class='ocrx_word' id='word_1_306' title='bbox 305 4494 506 4580; x_wconf 81' lang='lat' dir='ltr'><strong>indignantis</strong></span> <span class='ocrx_word' id='word_1_307' title='bbox 541 4499 621 4564; x_wconf 89' lang='lat' dir='ltr'><strong>baec</strong></span> <span class='ocrx_word' id='word_1_308' title='bbox 642 4497 733 4565; x_wconf 85' lang='lat' dir='ltr'><strong>luere</strong></span> <span class='ocrx_word' id='word_1_309' title='bbox 763 4499 873 4566; x_wconf 84' lang='lat' dir='ltr'><strong>rerba:</strong></span> <span class='ocrx_word' id='word_1_310' title='bbox 1595 4502 1600 4519; x_wconf 88' lang='lat'>&#39;</span> 
     </span>
    </p>
   </div>
   <div class='ocr_carea' id='block_1_21' title="bbox 0 0 1664 5136">
    <p class='ocr_par' dir='ltr' id='par_1_21' title="bbox 0 0 1664 5136">
     <span class='ocr_line' id='line_1_37' title="bbox 0 0 1664 5136; baseline 0 0"><span class='ocrx_word' id='word_1_311' title='bbox 0 0 1664 5136; x_wconf 95' lang='lat' dir='ltr'><strong> </strong></span> 
     </span>
    </p>
   </div>
  </div>
 </body>
</html>
