3284 5136
768 322 978 392 ...46-

216 529 292 594 dam
313 522 433 593 antidit
454 527 607 604 ludibrio,
645 534 680 591 ut
702 532 758 607 qut
795 531 941 590 serratus
969 531 1018 590 est
1040 541 1153 612 torsus
1194 532 1309 590 uniens
1331 518 1467 607 perinde
1489 527 1533 592 ed

217 631 253 698 lo
275 639 373 712 atoue
394 634 434 697 ad
458 631 677 696 Minotaurum
699 631 800 711 possit
821 629 949 697 reterri.
973 632 1053 697 Nam
1076 633 1162 711 apud
1186 630 1385 697 Priscianum
1408 632 1534 715 legitur

218 745 277 804 ttat
301 755 341 805 ox
364 746 534 821 taurigeno
556 732 676 802 semine
699 745 800 802 ortam
826 735 922 804 tuisse
945 756 987 804 an
1010 738 1149 833 humano
1173 755 1243 803 eam
1261 737 1385 822 („eam‘
1406 755 1466 801 orn.
1482 738 1532 802 od.

219 845 301 927 Reg.
317 863 357 909 m.
375 850 403 925 i;
418 862 505 922 ,eam
523 862 567 909 an
586 843 742 909 humano·
760 845 858 909 habet
881 846 930 909 ed.
953 841 1114 924 Gruteri);
1131 846 1218 924 apud
1238 843 1385 908 blaoroh.
1414 847 1536 922 ,tauri
1566 883 1569 888 ·
1639 893 1640 896 ,

218 965 302 1031 geno
324 948 441 1014 semine
464 955 569 1014 ortum
594 946 744 1033 („tutsse·
772 967 833 1015 om.
861 952 939 1015 libri
962 946 1125 1033 meliores)
1138 967 1180 1016 an
1197 950 1369 1016 humano‘.
1393 947 1534 1036 Verbum

223 1051 354 1135 ,iuteo
379 1073 399 1120 a
422 1056 586 1122 Prtsoiuno
620 1075 659 1122 ex
698 1055 871 1123 deterioris
906 1058 1023 1122 aetatis
1058 1075 1119 1121 usu
1143 1059 1272 1123 ridetur
1295 1057 1534 1138 interpolatum.

218 1157 271 1223 Ab
294 1158 391 1225 Aetio
414 1161 493 1227 haee
514 1159 581 1228 lere
611 1170 691 1243 puto
714 1171 847 1230 ventsse:

323 1299 363 1347 en
385 1280 558 1366 tanrigeno
579 1293 696 1351 semiue
719 1298 819 1352 ortam
841 1284 947 1352 (litam
968 1303 1038 1352 esse
1061 1303 1142 1352 aune
1166 1287 1304 1350 humano
1328 1288 1417 1352 eam?

286 1403 329 1470 Et
350 1414 454 1488 potuit
476 1411 669 1489 praecedere
706 1411 794 1476 reiut
816 1411 875 1476 hoe
901 1409 1018 1487 ,animi
1055 1429 1116 1497 ego
1138 1411 1281 1475 incertus
1303 1405 1423 1476 ieron‘.
1447 1405 1535 1470 llaec

220 1504 323 1591 igitur
344 1513 431 1576 dieta
457 1514 497 1577 (ie
520 1512 567 1594 lo,
589 1532 682 1595 quoe,
707 1533 778 1581 oum
802 1534 915 1581 rursus
937 1526 1022 1583 esset
1045 1516 1258 1594 lactabam,
1283 1529 1405 1596 eornua
1426 1518 1535 1575 tamen

181 1631 186 1636 ·
220 1617 394 1684 retinuerat
417 1637 542 1687 taooae.
565 1622 685 1703 Quodsi
707 1627 810 1707 magis
845 1624 1018 1690 hltnotaurt
1036 1626 1226 1707 probabitur
1259 1619 1386 1700 titulus,
1409 1619 1451 1684 ad
1475 1616 1535 1682 tii·

222 1729 393 1789 notaurum
416 1725 498 1791 haee
519 1736 669 1808 spectare
691 1737 829 1812 apparet
849 1731 1114 1811 seribendumque
1142 1745 1198 1802 „ex
1221 1740 1283 1796 ts.
1302 1734 1407 1790 ortum
1429 1725 1535 1787 dicam

222 1846 291 1895 esse
313 1848 398 1896 anne
420 1832 559 1899 humano
581 1835 702 1901 euml¹.
736 1837 782 1902 int
812 1854 962 1920 magnam
994 1839 1123 1918 quidem
1155 1834 1308 1901 llaorobit
1338 1839 1372 1896 in
1394 1831 1535 1897 citandis

222 1932 325 2016 poetis
356 1935 586 2018 antiquissimis
618 1946 680 2005 iam
712 1948 744 2006 in
777 1943 875 2008 Ennii
906 1937 1047 2008 editione
1079 1936 1187 2005 notati
1218 1929 1471 2021 neglegentiam
1504 1938 1537 1997 et
1594 1991 1597 1997 .

222 2047 358 2122 apparet
379 2037 506 2110 facilius
522 2063 581 2127 per
602 2047 879 2129 interpolationem
901 2047 1044 2131 potuisse
1068 2052 1143 2128 pont
1185 2043 1320 2120 ,ortnm‘
1347 2056 1444 2121 quam
1464 2055 1536 2121 „or-

223 2145 321 2228 tam';
338 2164 530 2230 quamquam
544 2168 585 2216 ue
599 2147 800 2219 Priscianum
816 2155 943 2236 quidem
957 2149 1097 2219 lenitatis
1110 2159 1242 2218 erimine
1268 2163 1380 2216 oarere
1401 2151 1534 2225 eonstat.

224 2249 340 2318 Tamen
380 2257 525 2320 omnibus
557 2266 733 2339 perpensis,
770 2278 853 2340 quae
892 2263 932 2325 de
956 2265 1146 2324 testimoniis
1183 2249 1383 2341 grammatici
1414 2262 1535 2319 utrius·

225 2373 285 2437 quo
300 2362 334 2424 ot
357 2359 397 2426 de
420 2361 561 2427 codicum
589 2364 818 2447 dittographtts
855 2382 954 2445 supra
976 2371 1051 2428 sunt
1073 2359 1207 2443 scripta.
1232 2381 1293 2427 non
1316 2379 1445 2444 possum
1458 2364 1536 2440 quin

225 2471 353 2529 secutus
367 2466 515 2532 Bothlum
531 2470 655 2533 nulium
672 2487 819 2550 umquam
832 2471 922 2536 Arcti
933 2467 1029 2535 fuisso
1052 2475 1229 2534 existimem
1239 2470 1465 2535 Minotaurum.
1491 2463 1537 2528 De

224 2575 316 2633 ouius
357 2569 399 2652 (st
423 2573 514 2636 modo
550 2576 675 2653 extitit)
697 2578 1048 2660 argumento-similis
1071 2571 1134 2639 luit
1156 2575 1299 2639 Theseus
1324 2570 1530 2654 Euripidis-

225 2673 443 2757 eopioslsstme,
466 2685 502 2741 nt
516 2680 605 2744 solet.
625 2690 801 2762 expositum
823 2700 844 2747 a
865 2683 1040 2746 Ribbeolrto
1063 2698 1119 2763 pg.
1144 2686 1208 2745 not
1231 2696 1302 2759 sqq.

690 2871 841 2938 xxxvi.
868 2863 1101 2951 Neoptolemus.

291 3021 356 3088 Pro
378 3040 415 3089 eo
438 3026 520 3107 quod
544 3036 594 3092 est
619 3027 878 3111 „Neoptolemus“
905 3030 1092 3110 aliquando,
1118 3047 1180 3093 non
1202 3036 1309 3092 temen
1325 3024 1417 3091 ninus
1432 3039 1539 3103 saepe,

231 3127 488 3209 ‚Neoptolemus'‘
515 3140 666 3214 seriptum
689 3141 721 3199 in
738 3132 829 3199 bonis
843 3137 947 3201 libris.
962 3132 1010 3203 Ct‘.
1027 3136 1226 3200 Fleckeiseni
1243 3134 1362 3196 Annal.
1378 3126 1538 3212 philolog.

227 3251 258 3299 a.
285 3239 369 3302 teet
393 3256 452 3323 μς.
481 3245 555 3306 rer.

290 3341 528 3424 Argumentum
560 3345 654 3407 butus
687 3343 818 3408 iabuiae
850 3343 949 3408 tuisse
995 3353 1068 3425 post
1100 3338 1257 3426 Achillem
1289 3357 1414 3405 onasum
1445 3335 1544 3418 Sepro

226 3443 331 3508 insuta
355 3443 398 3508 ad
421 3442 549 3511 Troiam
581 3453 765 3512 arcessitum
796 3446 896 3512 Vlixis
926 3463 1025 3531 opera
1048 3446 1284 3528 Neoptolemum
1306 3444 1373 3525 (vei
1395 3440 1544 3525 Pyrrum)

227 3544 361 3612 Aeblllts
383 3559 417 3613 et
443 3549 628 3616 minamine
659 3551 767 3632 tilium,
790 3558 858 3616 sine
891 3570 954 3631 quo
987 3552 1085 3615 Troia
1108 3567 1171 3613 non
1194 3552 1322 3628 poterat
1348 3545 1541 3627 expugnari.

226 3665 421 3734 perspexere
438 3654 628 3721 Welokerus
638 3661 673 3720 et
689 3656 893 3723 Ribbeolrins.
911 3656 1026 3736 Huius,
1045 3673 1066 3721 a
1084 3673 1148 3736 quo
1162 3656 1319 3736 ploraque
1328 3646 1546 3735 probabiliter
1637 3668 1641 3681 ²

228 3755 403 3838 disputata.
428 3756 503 3824 libri
526 3759 738 3831 conterendae
759 3781 816 3846 pg.
839 3765 1025 3832 toa-406.

294 3862 401 3944 atque
437 3865 503 3947 ipse
526 3864 640 3935 Vlixes
677 3878 740 3936 tam
776 3871 865 3953 apud
888 3868 1070 3948 Homerum,
1094 3866 1154 3935 ot.
1177 3867 1236 3946 XI,
1262 3867 1326 3932 1106
1349 3881 1433 3945 sqq„
1464 3876 1541 3928 ase

229 3964 467 4049 Neoptolemum
487 3974 660 4038 adduntum
683 3984 835 4041 memorat
856 3978 898 4040 ad
922 3972 1071 4041 Greeeos.
1089 3973 1128 4037 ln
1151 3989 1212 4052 quo
1235 3975 1367 4052 negotio
1389 3970 1445 4032 alti
1467 3965 1544 4030 Dio·

230 4071 359 4153 medem,
381 4074 439 4139 alit
461 4073 646 4143 Phoenicem
680 4081 845 4145 tradidere
878 4076 975 4144 tuisse
1013 4085 1169 4144 comitem
1204 4076 1242 4141 ln
1265 4073 1455 4158 fragmentis
1476 4088 1549 4138 ear·

229 4181 324 4242 minis
350 4177 481 4245 Attiani
504 4179 612 4246 Vlixis
636 4188 762 4248 tantum
783 4185 946 4248 invenitur
962 4190 1128 4247 memoria.

297 4283 344 4350 bo
364 4279 462 4351 laelio
487 4287 690 4372 intellegitur
711 4292 903 4373 tragoediae
927 4290 1164 4354 concinnandae
1181 4281 1348 4352 materiam
1362 4284 1549 4368 praebuisse

232 4384 433 4464 aptissimam
454 4389 638 4476 bytomedts
660 4400 713 4459 att
735 4401 770 4459 et
792 4392 979 4458 Deidamiae
1002 4389 1115 4457 matris
1136 4394 1279 4456 studium
1301 4389 1548 4469 Neoptolemum,

234 4482 372 4554 lanitia
421 4501 545 4561 uuloam
571 4505 712 4580 stirpem,
735 4500 892 4564 bellorum
913 4498 1047 4562 arsendi
1059 4492 1297 4562 discriminibus
1311 4491 1564 4573 eorundemque,
