3284 5136
791 305 1005 375 ..5..

300 494 345 564 Al
368 495 601 584 Clytaemestra
633 497 721 564 baud
754 498 850 563 dubie
890 490 1144 582 Agamemnonis
1167 503 1201 563 at
1227 493 1426 566 Cassandrae
1449 518 1559 569 necem

102 635 107 665 ι
231 613 416 688 persecutus
439 614 489 670 est
513 603 641 672 Accius.
665 603 800 685 Deque
824 601 935 669 fabula
957 621 1028 668 oum
1052 599 1263 684 probabiliter
1284 605 1460 687 disputarit
1482 607 1561 674 Rib-

103 780 108 822 ὲ
233 706 374 792 bactrius,
400 712 460 778 lroc
482 713 579 787 addo.
605 713 703 778 rerba
725 711 783 777 illa
806 709 861 794 (ol.
889 711 967 777 Non.
994 719 1067 792 178,
1083 711 1131 796 9):

339 860 384 932 ui,
408 867 492 930 quiae
516 859 585 916 tum
608 849 717 930 fidem,
745 868 794 916 me
819 852 953 917 absente
976 857 1009 916 in
1035 847 1276 930 reposueris,
1301 859 1450 940 coniugei
1524 927 1525 930 ,

337 954 494 1039 tetinerit,
519 975 602 1023 uune
623 960 738 1049 prodat
753 959 921 1024 rictorem?

106 1097 109 1129 ²
230 1097 260 1169 si
283 1113 371 1167 reete
393 1107 459 1168 sint
492 1103 660 1170 emendata
698 1122 718 1168 a
752 1121 803 1169 ma
836 1121 924 1168 ruam
956 1109 989 1168 in
1012 1096 1178 1169 codicibus
1208 1099 1357 1169 teruntur
1378 1109 1559 1192 corrupta),

106 1182 111 1273 l
231 1209 441 1279 hauddubie
478 1232 546 1280 esse
582 1210 833 1297 Agamemnonis
872 1218 1036 1295 inpriore
1074 1221 1165 1294 parte
1197 1210 1349 1278 carminis
1370 1223 1404 1278 et
1425 1213 1556 1296 quidem
1609 1241 1616 1255 ·

106 1322 118 1412 ⁴,
230 1321 273 1384 ad
297 1317 510 1389 Cassandram
538 1325 589 1388 rel
612 1319 713 1388 alium
753 1340 848 1405 quem
881 1323 920 1387 de
944 1323 1067 1386 insidiis
1090 1329 1269 1387 monentem
1311 1319 1360 1387 cl.
1386 1324 1559 1406 Agamem·

108 1481 112 1521 ἦ
125 1513 129 1521 1
232 1423 325 1491 uenis
348 1425 490 1493 Senecae
506 1446 533 1494 r.
551 1433 626 1507 836,
651 1432 706 1492 ubi
730 1434 802 1512 regi
825 1423 961 1492 iactanti
988 1435 1111 1512 ‚vietur
1139 1429 1253 1492 timere
1276 1421 1356 1508 quid
1379 1426 1416 1511 (s.
1440 1437 1507 1510 qui,
1530 1425 1555 1496 i.

108 1526 116 1570 Υ
231 1552 259 1599 e.
285 1551 347 1615 quo
370 1535 475 1616 pacto)
509 1537 645 1616 potesii“
689 1543 738 1601 ita
775 1538 946 1618 respondet
978 1534 1170 1600 Cassandra:
1213 1538 1314 1616 ,quod
1339 1554 1400 1600 nen
1425 1539 1555 1603 timet⁸.

109 1650 113 1675 '·
231 1639 378 1723 Apparet
400 1650 508 1708 autem
535 1645 664 1709 Accium
703 1661 773 1709 cam
807 1640 925 1710 lamam
963 1651 1121 1724 secutum,
1147 1658 1214 1725 qua
1236 1638 1406 1708 dicebatur
1427 1638 1557 1728 (Aptae-

200 1778 214 1795 ··
230 1752 352 1813 mestre
375 1751 436 1813 sub
457 1751 631 1814 adrentum
655 1752 782 1815 demum
806 1757 867 1814 riri
891 1745 1198 1815 calumniationibus
1221 1750 1370 1830 Aegisthi
1381 1747 1431 1814 rel
1442 1753 1555 1818 Oeaeia

110 1879 115 1921 1
228 1865 299 1914 esse
323 1850 464 1915 adducta
487 1853 528 1917 ad
553 1851 647 1916 fidem
685 1847 828 1935 coniugii
861 1853 1042 1917 uiolandam
1065 1858 1099 1916 et
1120 1851 1292 1915 struendas
1320 1844 1437 1915 marito
1475 1857 1554 1917 insi·

229 1949 311 2024 dias.
335 1953 385 2023 ci.
410 1953 531 2042 Hygia.
566 1957 632 2026 lab.
659 1963 731 2035 lii:
771 1955 928 2025 Ribbeck.
969 1976 1022 2041 pg.
1058 1963 1133 2024 ⁴60.
1162 1953 1271 2022 Etiam
1308 1957 1390 2023 baec
1412 1959 1555 2023 eiusdem

229 2056 417 2143 tragoediae
439 2062 486 2145 (r.
512 2067 591 2143 833)
616 2063 867 2143 Agamemnonis
894 2079 951 2143 ,ne
974 2069 1078 2126 metue
1110 2064 1271 2126 dominam
1295 2058 1452 2138 famula⁸.
1476 2057 1554 2128 Gas-

228 2167 368 2233 saudrae
396 2169 547 2242 ‚libertas
569 2171 680 2236 adesi·
707 2177 893 2252 comparari
915 2177 1049 2251 possunt
1070 2189 1141 2235 eum
1164 2164 1319 2236 Accianis:
1444 2192 1446 2195 ·

335 2303 458 2374 scibam
482 2310 565 2376 hanc
588 2312 666 2377 mibi
689 2328 874 2395 supremam
897 2312 999 2376 lucem
1023 2316 1057 2376 et
1078 2316 1188 2375 serviti
1211 2307 1306 2376 linem
1328 2309 1410 2413 dari.
1464 2336 1468 2342 ·

297 2451 446 2523 Ceterum
469 2451 557 2519 baud
572 2472 648 2523 raro
670 2453 809 2520 Senecae
831 2447 1005 2518 convenire
1027 2470 1100 2516 eum
1122 2450 1261 2518 Pacorlo
1283 2461 1316 2516 et
1338 2433 1433 2524 Accio
1455 2453 1554 2518 etiam

115 2542 120 2639 ξ
227 2557 271 2622 ab
293 2558 368 2622 aliis
391 2555 555 2629 munitum.
579 2560 671 2642 Quod
695 2567 766 2626 eum
792 2569 911 2643 partim
933 2563 977 2625 ab
999 2562 1171 2625 eorundem
1195 2558 1428 2640 exemplarium
1449 2556 1553 2622 Grae·

117 2718 120 2746 ÷
227 2677 338 2726 corum
362 2662 540 2732 imitatione
563 2661 664 2749 possit
687 2673 799 2750 repeti,
822 2673 928 2733 mmcd
951 2661 1019 2732 alia
1041 2674 1125 2745 suut,
1156 2673 1190 2730 in
1212 2665 1330 2746 quibus
1352 2663 1383 2730 ci
1414 2668 1556 2757 tragicos

117 2750 123 2826 i
230 2767 356 2847 latinos,
379 2788 458 2850 ques
479 2773 608 2856 legerat
630 2775 719 2840 barud
740 2771 849 2853 dubie,
874 2776 1101 2859 neglegentius
1122 2768 1254 2853 quidem
1287 2777 1320 2836 ct
1342 2764 1552 2848 mstidiosiua

118 2904 128 2935 a
228 2873 409 2938 ebrersuios
431 2893 499 2942 csse
522 2880 687 2960 probabile
709 2886 770 2944 est.
1335 2873 1343 2885 ’

574 3061 611 3126 V.
627 3062 691 3127 ii„
718 3065 1030 3147 Agamemnonidae.
1055 3063 1216 3144 Erigone.

128 3330 130 3337 A
298 3243 650 3324 Agamemnonidarum
663 3248 760 3312 uliam
773 3239 1157 3328 luisseatqueilrigonae
1172 3244 1408 3325 fabulam,nen‚
1420 3253 1457 3308 ut
1479 3245 1554 3327 qui·

122 3346 126 3353 “
232 3348 366 3414 busdam
389 3353 522 3435 placuit,
547 3356 679 3421 eandem
698 3372 810 3420 rursus
832 3355 990 3438 probatur
1011 3370 1050 3422 ea
1072 3371 1109 3420 re
1124 3356 1210 3435 quod
1220 3363 1355 3437 uterquc
1366 3352 1484 3419 titulus
1506 3346 1552 3417 ei·

122 3449 153 3479 “
203 3462 320 3525 ,tatur
341 3475 362 3521 a
385 3459 485 3525 Nonio
507 3458 542 3526 in
564 3467 670 3541 capite
692 3463 842 3527 seeundo.
868 3460 1003 3526 ‘Mirum
1042 3471 1124 3527 esset
1156 3457 1296 3546 proiecto
1317 3476 1355 3525 ae
1377 3465 1502 3538 nerum,
1524 3460 1553 3521 si

132 3652 135 3657 .
230 3566 263 3628 iu
289 3581 351 3630 uno
373 3562 480 3650 eapite
501 3571 633 3635 eaedem
669 3566 858 3654 tragoediae
887 3577 957 3639 iam
990 3584 1085 3664 saepe
1118 3562 1252 3634 dirersis
1285 3562 1481 3633 afferrentur
1501 3557 1549 3628 in·

124 3719 133 3753 ,.
231 3672 458 3749 scriptionibus

298 3773 582 3856 Agamemnonidis
605 3777 756 3844 Electrae
777 3789 877 3859 atque
900 3778 1024 3849 Orestis
1038 3784 1071 3842 et
1083 3760 1274 3860 Iphigeniae
1287 3791 1382 3841 casus
1395 3767 1553 3840 condneri

232 3887 304 3964 ipsa
336 3899 389 3947 res
419 3884 628 3948 demonstrat.
670 3879 862 3973 Inimicitias
901 3900 975 3948 reru
1008 3887 1209 3947 continuatas
1247 3879 1500 3966 Agamemnonis
1521 3888 1555 3945 at

232 3985 384 4074 Aegisthi
418 3992 530 4057 domus
567 3986 615 4058 eis
637 3987 754 4058 referri
777 3993 870 4057 ducet
903 3992 1046 4057 alterum
1063 4007 1095 4080 ,e
1110 3986 1259 4070 duobus,
1296 4005 1380 4071 quae
1418 3992 1560 4064 resmnt,

128 4139 131 4167 ;
231 4091 437 4179 fragmentis:
1034 4096 1037 4100 ’

129 4198 131 4209 '
309 4189 317 4203 ⁹
655 4233 842 4293 inimicitias
864 4224 1056 4308 Pelopidam

343 4401 345 4406 ,
439 4303 606 4397 ‘exundas
628 4337 692 4399 iarn
716 4339 816 4416 atque
839 4333 1046 4400 oblitteratas
1069 4320 1223 4396 memoria

448 4454 614 4506 renouare.
