3284 5136
721 399 929 470 ...67-

63 592 78 673 3'
164 596 213 662 ed.
240 593 355 660 Lucilii
379 610 432 675 pg.
470 594 534 657 320
566 600 617 656 ost
655 591 855 660 adnotatum.
890 591 1144 673 1bi‚inridere“
1179 601 1315 679 positum
1345 605 1397 665 esi
1426 616 1488 682 pro

62 682 68 765 ζ
172 722 251 788 „non
277 699 416 778 ridero“;
445 696 686 779 ‚insidendum‘
714 717 772 784 pro
795 699 939 783 eoquod
968 696 1058 768 nulia
1080 695 1112 767 ri
1134 701 1295 770 oculorum
1317 702 1413 773 dohet
1439 715 1489 774 at-

62 780 67 891 ς’
164 806 492 888 iterationesque
526 807 725 888 praecedunt
762 811 848 892 apud
886 805 1075 873 Varronem.
1111 809 1229 888 Agitur
1251 808 1292 874 de
1313 816 1487 892 mysteriis.

61 944 68 1001 ς
167 915 300 997 Tragici
322 921 428 980 nescio
450 920 540 979 ouius
561 919 640 997 puto
654 930 725 978 esse
741 911 849 979 rerba.
979 963 983 971 .

234 1022 322 1086 Haeo
348 1017 440 1086 iuere
461 1039 545 1104 quae
567 1019 608 1085 de
631 1019 727 1085 Accio
749 1038 833 1085 nunc
866 1019 993 1102 quidem
1014 1013 1095 1084 mihi
1118 1015 1304 1086 riderentur
1338 1020 1488 1102 dicenda,

165 1150 226 1197 non
249 1128 376 1213 quidem
402 1136 439 1196 ut
461 1137 569 1195 omnia
608 1146 827 1212 persequerer,
862 1127 903 1197 de
939 1121 1060 1212 quibus
1096 1123 1284 1214 disputandi
1321 1136 1490 1198 materiam

59 1270 63 1295 ι
167 1241 237 1322 posi
259 1234 401 1322 priorum
423 1232 612 1303 criticorum
635 1241 812 1302 commenta
830 1239 977 1317 putarem
1001 1234 1155 1313 relictam,
1175 1235 1232 1300 sed
1254 1243 1289 1302 ut
1312 1241 1491 1320 potissima.

58 1331 62 1392 ἶ
165 1341 283 1422 Quodsi
304 1345 355 1411 his
377 1342 573 1423 adiunxeris,
610 1360 692 1425 quae
714 1346 747 1409 in
770 1343 876 1410 libello
897 1345 937 1409 de
959 1341 1093 1410 Pacuvii
1125 1342 1241 1409 iahulis
1263 1344 1369 1427 priore
1391 1362 1490 1425 anno,

58 1458 63 1531 j
123 1430 128 1440 ¹
166 1454 245 1515 item
268 1452 487 1533 superioribus
519 1444 554 1517 in
585 1443 785 1516 editionibus
807 1442 893 1515 hirii
916 1445 1092 1532 Naeviiqne
1119 1452 1153 1516 ei
1186 1448 1280 1515 Ennii
1305 1445 1492 1517 fabularum

57 1614 60 1620 .
167 1563 242 1619 sunt
265 1561 436 1636 proposita,
460 1552 549 1619 haud
572 1558 687 1622 inutile
708 1556 969 1635 supplementum
993 1550 1079 1633 iibri,
1103 1571 1164 1640 qun
1186 1562 1377 1638 srguments
1414 1573 1491 1638 pos·

169 1669 273 1725 tarum
297 1664 504 1739 tragicorum,
528 1661 616 1741 apud
639 1656 801 1726 Romanos
824 1658 882 1742 qui
903 1655 992 1726 luere
1030 1659 1176 1741 Augusto
1197 1659 1332 1742 priores,
1355 1660 1494 1731 rimatus

56 1776 59 1825 3
168 1770 219 1832 est
240 1764 446 1841 Ribbechlus,
485 1773 604 1848 poterit
637 1763 752 1833 videri.
790 1767 856 1833 Nec
873 1775 981 1833 mmen
1019 1773 1132 1850 ignoro
1153 1773 1187 1833 in
1208 1772 1328 1833 nostris
1365 1786 1494 1852 quoqne

56 1878 62 1929 z
170 1869 443 1954 disputationibus
466 1871 603 1937 inueniri
636 1870 724 1937 haud
756 1888 860 1954 pauca
893 1889 1006 1955 parum
1035 1876 1135 1952 certa,
1158 1889 1197 1938 ae
1229 1877 1310 1938 satis
1331 1871 1434 1939 mulia
1457 1877 1492 1940 in

56 2028 61 2035 ,
171 1978 366 2044 carminibus
388 1986 683 2063 antiquissimorum
708 1979 902 2061 tragicorum
926 1981 1100 2048 latinorum
1132 1989 1250 2064 partlm
1273 1991 1406 2065 propter
1428 1991 1497 2051 exi·

55 2136 59 2147 .
169 2087 327 2168 guitatem
350 2086 577 2169 reliquiarum.
602 2097 638 2153 ut
660 2087 860 2171 corruptelas
892 2087 1165 2171 frequentissimas
1195 2106 1235 2156 ac
1256 2105 1353 2172 saepe
1372 2090 1496 2173 gnaris·

171 2189 270 2254 simas
291 2196 447 2271 omittam,
471 2196 591 2274 partim
616 2200 748 2275 propter
770 2194 1001 2274 exemplarium
1018 2210 1204 2272 graecorum
1223 2192 1379 2259 deiectum
1393 2195 1494 2260 mmm

55 2270 58 2353 J
170 2310 257 2361 nunc
278 2312 409 2362 manere
429 2297 567 2365 obscura
590 2302 623 2363 et
644 2316 728 2381 quae
761 2316 805 2364 au
828 2316 998 2382 numquam
1030 2304 1153 2382 possint
1174 2298 1318 2381 expediri
1339 2304 1411 2365 iure
1434 2301 1498 2365 du·

54 2470 58 2505 :
170 2401 265 2469 bites.
289 2400 353 2468 Sed
377 2402 433 2468 ubi
467 2404 536 2471 veri
568 2404 744 2472 extricandi
783 2403 925 2472 facultas
956 2405 1059 2487 nulla,
1092 2421 1133 2471 ea
1167 2412 1305 2472 maxime
1324 2406 1493 2489 meum,

54 2597 58 2607 ῃ
170 2524 253 2593 quae
275 2508 393 2577 similia
416 2510 483 2578 reri
504 2528 542 2579 ao
566 2519 666 2594 magis
687 2509 867 2597 probabilia
888 2511 1060 2580 rideantur
1079 2507 1210 2580 ceteris.
1279 2512 1283 2519 ’

734 3042 928 3113 Index

178 3242 396 3310 Prohoemium
451 3288 1255 3316 ···············
1279 3264 1336 3331 118·
1379 3252 1408 3315 l·
1469 3253 1491 3313 2

50 4408 56 4495 'r

321 3349 346 3414 1.
373 3349 414 3419 11.
439 3349 590 3417 Achilles.
616 3349 832 3434 Myrmidones
847 3396 1243 3420 ........
1293 3406 1308 3439 „
1373 3358 1495 3420 2-4.

276 3454 414 3520 111.1v.
438 3453 679 3540 Clytaemestra.
704 3457 881 3541 Aegisthus
898 3501 1307 3542 ........
1369 3466 1401 3526 4.
1460 3467 1494 3526 b.

295 3562 333 3632 V.
358 3560 412 3633 VI.
436 3561 740 3647 Agamemnonidae.
772 3561 917 3648 Erigone
952 3609 1242 3635 ......
1262 3611 1306 3647 ›,
1371 3571 1444 3633 b-
1460 3574 1493 3637 7.

341 3666 412 3731 VII.
436 3668 575 3732 Alcestis
611 3712 1305 3755 .............
1369 3677 1400 3740 8.
1485 3677 1491 3683 “

311 3770 411 3837 VIII.
435 3774 569 3839 Alcmeo
571 3820 1241 3846 .............
1291 3828 1305 3861 ,
1370 3779 1495 3850 8-10.

354 3874 413 3940 IX.
439 3877 652 3958 Alphesiboea
667 3920 1074 3945 ........
1108 3888 1132 3941 ’.
1178 3928 1187 3948 .
1232 3909 1242 3945 a
1294 3932 1308 3963 ,
1350 3886 1401 3952 10.
1440 3887 1494 3949 11.

292 3983 333 4048 X.
356 3980 413 4052 111,
437 3983 639 4066 Amphitryo.
662 3983 816 4049 Persidas
837 4026 1308 4069 .........
1351 3988 1494 4056 11-13.

345 4086 417 4153 1111.
440 4088 645 4154 Andromeda
672 4131 1309 4173 ............
1352 4094 1494 4161 lii-lb.
1573 4116 1577 4121 ·

208 4193 298 4261 x111.
323 4193 411 4262 XIV.
436 4187 666 4263 Antenoridae.
690 4194 874 4278 Deiphobus
897 4240 1308 4280 ........
1352 4200 1402 4265 16.
1440 4204 1494 4270 17.
1528 4263 1531 4270 .

342 4296 414 4366 XV.
440 4297 604 4383 Antigona
614 4343 1308 4383 .............
1352 4307 1494 4382 ily-lii.

259 4404 261 4409 ⁴
327 4402 414 4471 XVI.
438 4403 610 4471 Armorum
638 4407 792 4472 iudicium
831 4451 1306 4490 .........
1349 4412 1400 4478 is.
1435 4413 1494 4480 io.

50 4508 57 4629 Ξῐ
176 4510 281 4579 XVII.
301 4507 420 4580 XVlll.
442 4508 616 4593 Astyanax.
639 4509 784 4577 Troades
785 4555 1305 4591 ..........
1347 4516 1494 4584 20-22.
1583 4520 1598 4537 ⁴·

328 4615 417 4684 XIX.
441 4617 597 4682 Athamas
615 4660 1307 4702 .............
1348 4620 1401 4688 22.
1435 4621 1493 4688 28.
