3284 5136
148 492 156 573 ἶ
237 523 389 700 3?quss
408 528 591 615 Antigonae
613 534 654 600 ad
679 542 813 603 mortem
852 539 968 605 dumne
1005 538 1109 623 luero,
1134 559 1220 625 quae
1240 545 1343 613 altero
1364 547 1432 616 loeo
1452 557 1500 618 ci·

146 638 220 698 ιι.ι
281 649 356 701 acro
379 653 440 702 nus:

593 751 671 828 inm,
693 753 758 815 iam
781 768 888 834 neque
911 753 945 819 di
968 761 1090 839 regunt

382 867 488 929 neque
511 849 650 931 proiecto
672 856 768 920 deum
791 874 934 922 summus
957 877 1015 925 rex
1038 864 1186 927 omnihus
1208 872 1313 929 curat.

234 990 324 1074 Quae
346 999 379 1058 et
400 1000 543 1060 numeris
566 1003 600 1060 et
621 1014 717 1063 sensu
737 1017 899 1082 perversa.
932 1003 970 1066 ln
996 999 1106 1084 priore
1129 1022 1224 1070 vorsu
1247 1005 1378 1072 ridetur
1400 1014 1496 1074 resti·

139 1096 325 1189 ftuendum
352 1105 433 1183 ,iam
458 1107 647 1184 iamneque
685 1120 743 1169 nos
778 1106 812 1171 di
836 1111 989 1192 regunt‘;
1014 1114 1047 1173 in
1071 1115 1248 1192 posteriorc
1286 1113 1336 1176 rel
1360 1109 1495 1179 mutatis

139 1194 234 1287 }lono
258 1208 365 1271 verbis
387 1223 460 1272 curn
496 1207 613 1274 Bothio
647 1215 867 1293 reponendum
911 1232 986 1296 ,rex
1023 1225 1183 1280 summus·
1211 1217 1274 1295 rol,
1297 1225 1390 1283 utin
1413 1216 1495 1285 Bor·

138 1318 141 1383 ξ
167 1308 275 1376 bonico
296 1311 401 1378 codice
424 1313 556 1396 legitur,
579 1314 785 1382 scribendum
812 1334 1000 1401 ,supremas
1022 1318 1113 1388 rex⁸.
1129 1319 1232 1386 Porro
1254 1316 1362 1388 nescio
1383 1339 1426 1388 ιι
1447 1328 1506 1388 stt.

136 1432 141 1527 ι
165 1422 212 1503 ιιι
238 1419 488 1483 concinnandas:
800 1437 808 1447 ·

375 1556 480 1621 neque
503 1539 647 1624 proiecto
670 1528 766 1610 deum
790 1562 848 1612 rar
869 1563 1014 1613 summus
1037 1547 1218 1614 hominihus
1240 1558 1356 1617 curat..

134 1634 139 1751 ξ
229 1664 291 1730 Vbi
314 1629 443 1730 dativus
466 1664 598 1748 positus,
634 1676 671 1732 ut
694 1670 776 1734 alibi
812 1672 898 1752 apud
938 1678 1179 1754 vetustissimos,
1202 1690 1260 1755 pro
1294 1678 1489 1743 accusativo

135 1764 292 1836 Iambus
315 1771 448 1838 ultimus
471 1770 606 1840 fortasse
630 1781 763 1842 omissus
788 1773 943 1844 hlacrobii
962 1779 1069 1861 culpa.
1093 1778 1137 1845 Et
1159 1788 1293 1863 possunt
1308 1787 1398 1847 varia
1414 1799 1490 1864 sup·

133 1914 135 1921 ·
134 1874 256 1988 {,pleri
281 1877 370 1942 velut
396 1873 511 1960 ,piis‘.

549 2091 675 2158 XVI.
701 2093 875 2158 Armorum
898 2089 1069 2158 iudicium.

131 2280 135 2367 s
227 2290 399 2357 Armorum
423 2293 574 2358 iudicium
610 2304 681 2375 post
713 2288 888 2360 Pacuuium
920 2291 1047 2362 serrato
1085 2292 1184 2362 etiam
1206 2292 1305 2361 titulo
1327 2303 1485 2363 retracta·

130 2406 228 2483 ,turn
250 2401 295 2467 ah
315 2403 421 2467 Accio.
462 2400 550 2469 Idem
590 2402 686 2468 Ennii
727 2407 825 2472 Aiace
863 2410 934 2472 erat
965 2410 1191 2489 perscriptum.
1227 2402 1324 2486 ripun
1349 2404 1483 2470 Accium

159 2515 267 2570 autem
291 2508 415 2587 pariter
437 2516 537 2589 atque
558 2508 733 2573 Pacuvium
761 2517 866 2591 ipsum
898 2519 1062 2577 certamen
1086 2512 1205 2575 iudicio
1226 2527 1260 2574 so
1282 2507 1482 2575 offerentium

129 2616 133 2645 ‘
160 2611 268 2678 Aiacis
291 2623 324 2678 et
355 2614 458 2680 Vlixis
482 2619 692 2698 propositum
725 2618 842 2682 deinde
876 2634 927 2683 rcs
950 2623 1155 2684 continuatae
1184 2633 1288 2696 usqne
1310 2615 1352 2680 ad
1374 2615 1484 2698 sepul·

129 2724 266 2807 {turam
290 2718 409 2790 Aiacis.
448 2721 492 2788 Et
515 2727 707 2787 concertatio
749 2721 880 2803 quidem
915 2725 1165 2805 disceptatioquc
1198 2721 1395 2786 aemulorum
1416 2717 1483 2788 tre-

129 2823 308 2911 {quentsm
347 2827 496 2906 praebuit
533 2833 704 2893 materiam
745 2828 908 2893 rhetorum
948 2829 1075 2912 scholis,
1098 2835 1198 2908 atque
1238 2827 1280 2890 nh
1308 2827 1344 2890 id
1376 2830 1482 2908 ipsum

129 2920 132 2979 ἶ
158 2931 392 3010 spectatoribus
423 2931 585 3006 Romanis,
617 2931 849 2996 rhetoricorum
877 2938 1121 3014 praestigiorum
1157 2930 1396 3012 amantissimis,
1419 2927 1483 2993 init

128 3042 332 3117 aptissima.
356 3035 440 3102 Hinc
462 3045 601 3120 apparet
624 3055 687 3104 non
710 3043 848 3120 potuisse
872 3035 1034 3121 Sophoclis
1072 3037 1316 3106 celeberrimum
1349 3051 1478 3100 carmen

128 3131 133 3205 ἰ
157 3139 260 3206 solum
281 3143 428 3224 exemplo
451 3157 521 3207 esse
542 3149 600 3206 aut
621 3140 762 3207 Pacuvio
784 3150 844 3207 ιιι
867 3143 976 3223 Αιιιι;
999 3158 1194 3223 quamquam
1217 3157 1318 3207 versu.
1333 3141 1403 3206 illo:

414 3289 527 3346 virtuti
550 3291 595 3347 sis
617 3300 688 3366 par,
711 3285 821 3365 dispar
842 3283 981 3348 fortunis
1004 3290 1128 3365 patris,-

158 3429 215 3493 uhi
241 3428 390 3505 ,virtutii
412 3434 463 3491 est
483 3425 657 3506 ablativus,
683 3433 855 3511 respicitur
878 3420 1044 3510 Sophoclis
1066 3443 1097 3492 r.
1121 3429 1186 3495 hdo
1208 3441 1256 3506 sq.

126 3536 129 3613 ζ
223 3532 435 3615 Fragmenta,
461 3549 545 3612 qnae
582 3540 693 3597 emant
725 3551 857 3598 numero
879 3531 940 3599 XV
963 3535 1147 3616 (praeterea
1175 3532 1253 3595 hene
1275 3531 1317 3595 ad
1341 3531 1474 3593 eandem

126 3630 130 3719 j
157 3638 354 3721 tragoediam
378 3638 485 3703 relata
505 3656 526 3704 ι
548 3638 658 3716 doctis,
698 3654 780 3719 quac
803 3639 962 3722 leguntur
992 3636 1078 3719 apud
1102 3642 1189 3702 auct
1212 3634 1254 3699 ad
1276 3631 1475 3698 Herennium

126 3724 130 3815 ζ
155 3741 200 3825 11,
223 3747 277 3822 no,
293 3747 347 3821 ιι
363 3743 429 3807 cre.
455 3744 495 3806 ne
532 3741 584 3807 off.
625 3743 684 3824 ιιι,
709 3747 833 3823 aeos,
872 3740 995 3806 cumn.
1034 3759 1091 3823 ιι.
1117 3743 1180 3803 ιιι
1218 3737 1268 3816 Ρ,
1291 3739 1348 3801 ιιι
1370 3743 1474 3818 ipsum

126 3824 133 3943 ξ
156 3849 240 3914 thud
260 3848 458 3931 dactphcum
481 3846 660 3932 ,Hectora‘
699 3853 787 3912 octat
817 3848 859 3911 de
882 3843 984 3909 Enmo
1006 3843 1058 3909 rel
1081 3840 1222 3908 Pacuvio
1239 3835 1379 3924 cogitari
1402 3856 1477 3907 auc-

125 3948 131 4001 t
155 3954 253 4036 toro),
277 3962 350 4018 eum
381 3949 545 4016 sententia
567 3959 633 4016 sint
655 3950 726 4016 fore
748 3959 927 4033 perspicua,
951 3957 1145 4031 paucissima
1168 3949 1269 4011 habeo
1303 3963 1386 4025 quae
1416 3948 1476 4011 ad·

124 4036 241 4181 idum.
264 4057 402 4124 Versum
405 4064 485 4138 ,qui
505 4056 611 4123 fertur
632 4073 686 4139 ap.
709 4056 790 4124 Non.
813 4073 870 4139 ιι
896 4059 960 4120 ιιο
982 4055 1053 4118 sl.
1078 4054 1227 4118 hiscere
1221 4068 1286 4133 pro
1307 4051 1407 4130 ioque

367 4189 451 4272 hom,
474 4205 587 4256 vercor
607 4189 789 4288 plusquam
812 4184 863 4253 tus
885 4192 936 4253 est
956 4191 1118 4269 oapttrum
1141 4184 1274 4265 hiscere,

123 4294 303 4428 {plerique
331 4323 525 4406 ,captiuam‘
553 4327 745 4403 reponentes
767 4323 839 4384 ιιιι
871 4320 915 4383 ad
937 4317 1132 4394 Tecmssam,
1163 4318 1333 4395 coniugem
1355 4316 1473 4393 iacis

121 4396 346 4535 {rettulerint
368 4425 423 4510 (cl.
446 4425 545 4511 Soph.
568 4445 599 4492 r.
624 4427 715 4506 894),
740 4428 857 4507 ιοιιιιι
878 4426 1004 4488 serrari
1026 4418 1121 4487 leutio
1154 4419 1288 4499 tradita,
1312 4423 1340 4484 si
1361 4421 1475 4484 existi·

121 4558 126 4655 ι
121 4540 255 4642 maris
276 4536 361 4604 hooc
375 4535 501 4618 prolata
521 4549 543 4599 ι
564 4538 763 4614 captivorum
797 4529 934 4609 quodam
973 4527 1196 4606 Troianorum,
1227 4530 1283 4605 qui
1305 4528 1475 4589 recusaret
