3284 5136
295 547 437 615 Fallitur
460 552 537 610 item
561 541 771 622 Ribbeelrius,
797 545 881 623 quod
905 559 1031 606 versum
1054 542 1148 607 illum
1171 540 1266 622 (Non.
1296 544 1369 620 166,
1386 539 1430 622 2):
1503 635 1505 640 Ι

379 693 461 772 quid
483 688 572 773 agis?
597 688 771 770 perturbas
794 704 861 753 rem
885 703 1010 753 omnem
1040 702 1078 752 ac
1093 684 1273 768 resupinus
1295 684 1396 750 sorori

228 837 285 904 ubi
322 829 522 920 ,⁸resupinas
550 831 733 915 explicatur
767 847 874 914 per,
879 832 922 896 ab
953 836 1078 913 incepto
1116 847 1247 895 revocas
1283 829 1333 894 rel
1365 825 1570 912 perrerth

130 945 132 950 ’
228 943 373 1010 Ιιιιιιιιιι
397 940 528 1020 tribuit,
553 957 624 1006 cum
657 945 701 1006 eit
724 938 921 1023 Antigonae,
954 946 1186 1019 postquam
1156 937 1282 1003 Lmena
1312 932 1445 1021 negarit
1467 933 1497 1001 ei
1520 953 1555 1001 se

1602 10 1619 223 i

1606 622 1620 1165 i

229 1046 466 1223 magestate
490 1154 683 1236 tragoediae
706 1152 801 1216 huius
824 1151 1010 1234 fragmenta
1032 1161 1158 1218 serrata
1185 1150 1342 1218 Macrobii
1364 1167 1462 1234 opera
1482 1147 1553 1247 (Sa-
1603 1170 1611 1235 i

232 1274 321 1331 turn.
346 1260 403 1343 Vl,
428 1268 458 1339 2,
486 1263 537 1334 17:
561 1259 618 1338 Vi,
647 1262 678 1333 1,
704 1257 772 1339 59),
810 1264 865 1338 qui
887 1273 982 1339 saepe
1020 1257 1247 1342 neglegentior
1277 1263 1328 1323 est
1358 1244 1554 1321 incitandis
1604 1252 1609 1318 f

231 1377 331 1453 poetis
353 1367 603 1447 antiquioribus,
627 1371 765 1428 maxime
787 1366 874 1444 quod
897 1365 940 1429 ad
963 1371 1140 1430 metricam.
1153 1363 1332 1444 Exquibue
1353 1364 1458 1430 altero
1481 1379 1555 1428 con·

232 1474 382 1543 timemur
407 1472 509 1538 rerba
531 1468 677 1536 Ismenae
700 1470 742 1534 ad
765 1468 975 1551 Antigonam:
1602 1464 1605 1485 ²

445 1606 569 1680 quanto
592 1605 698 1682 magis
721 1607 753 1662 te
776 1603 868 1661 istius
890 1598 975 1661 modi
997 1613 1067 1662 esse
1090 1598 1257 1680 intellego,
1600 1682 1606 1695 Ἀ

341 1714 442 1788 taum,
465 1707 641 1788 Antigona,
666 1703 763 1789 magi'
793 1718 844 1769 me
867 1719 926 1785 par
948 1711 998 1770 est
1020 1703 1080 1782 tibi
1103 1706 1268 1770 consulere
1297 1711 1331 1771 et
1353 1720 1498 1788 parcere.
1600 1710 1605 1789 ξ

298 1832 336 1898 ln
359 1831 410 1895 his
432 1835 522 1913 prior
545 1845 657 1894 versus
680 1835 713 1892 et
734 1844 839 1899 sensu.
863 1833 923 1891 nisi
945 1825 1053 1906 iallor,
1067 1835 1100 1893 et
1122 1838 1225 1893 metro
1245 1845 1376 1894 maneus
1396 1838 1446 1896 ita
1468 1834 1557 1898 ride·

230 1948 285 2005 tur
307 1956 375 2004 esse
396 1935 607 2019 supplendus:

337 2065 457 2142 quanto
476 2057 576 2140 magi·
598 2064 632 2122 te
655 2062 708 2122 isti
732 2058 817 2121 modi
841 2072 910 2122 esse
933 2065 1060 2138 captam
1083 2060 1191 2122 studio
1214 2060 1381 2142 intellego.

300 2204 363 2270 Vbi
389 2201 480 2278 ‚isti⁸
508 2219 568 2282 pro
596 2204 723 2285 ,istius‘
752 2206 936 2265 restitutum
960 2219 982 2265 a
1003 2201 1191 2266 Ritschelio.
1216 2200 1254 2266 ln
1275 2205 1484 2283 sequentibus
1496 2184 1557 2269 illu
1598 2188 1603 2279 i

237 2311 313 2391 ,tibi
335 2309 501 2377 consulere
523 2316 557 2376 et
579 2307 731 2390 parcere‘
756 2324 829 2374 cunr
864 2314 932 2374 suis
963 2316 1050 2373 stent
1072 2306 1225 2389 numeris,
1249 2315 1356 2374 tamen
1384 2310 1603 2406 ,,ιιιιιιιι“
1578 2304 1603 2326 ”

236 2425 373 2500 apparet
396 2419 461 2482 dici
483 2420 603 2498 inepte,
613 2422 678 2482 sire
700 2414 881 2481 servareris
904 2415 1140 2500 praecedens,
1144 2416 1195 2481 et·
1221 2417 1287 2483 sire
1308 2417 1440 2484 delerls.
1458 2413 1602 2486 videi

154 2595 157 2602 ,
233 2531 289 2591 ιιι
314 2522 414 2590 altior·
436 2522 572 2589 haerere
596 2521 729 2588 macula.
756 2517 973 2588 denescioan
995 2520 1071 2586 olim
1103 2517 1202 2587 inerit
1217 2519 1295 2607 ,tibi
1317 2520 1493 2602 consulere,
1517 2529 1555 2588 ut
1595 2514 1602 2621 i

231 2631 413 2718 porceam‘.
1597 2632 1601 2699 i

302 2740 356 2805 dd
378 2737 562 2818 Antigonae
585 2733 709 2801 lacinus
732 2735 809 2799 item
834 2735 1020 2814 pertinuere
1041 2752 1080 2800 ea
1103 2752 1184 2814 quae
1197 2743 1283 2802 sunt:
1592 2716 1601 2803 i

552 2860 642 2938 herla,
667 2858 794 2949 sigiliis,
819 2858 1005 2940 proponite,
1038 2862 1215 2942 expergitel
1248 2937 1253 2948 ¹
1595 2820 1600 2857 ε’

554 2966 688 3048 pectora
711 2965 807 3030 tarda
830 2963 953 3048 sopore,
977 2960 1156 3049 exsurgitei

233 3113 270 3164 ac
293 3111 401 3177 porro:

552 3194 647 3272 ittat,
671 3202 730 3261 nisi
753 3213 804 3261 me
827 3203 860 3260 tn
884 3197 974 3264 dbitu
998 3193 1086 3260 ialin
1107 3193 1239 3266 sonitus

205 3389 207 3394 -
301 3343 351 3410 llx
367 3343 482 3425 quibus
504 3346 640 3423 apparet
665 3356 772 3405 coram
802 3335 1035 3422 spectatoribus
1057 3347 1091 3405 et
1112 3346 1243 3422 raptum
1260 3338 1373 3405 iurtim
1395 3290 1633 3431 Polynicis}³

235 3465 349 3530 corpus
372 3456 405 3513 et
427 3448 584 3512 detectam
623 3452 787 3510 auctorem
820 3442 980 3522 facinoris,
1002 3460 1075 3509 cum
1104 3444 1144 3508 de
1166 3452 1302 3524 utroque
1324 3462 1384 3526 per
1406 3454 1595 3511 nuntium

237 3553 401 3622 reseratur
424 3553 511 3635 apud
541 3549 735 3632 Sophoclem
764 3543 913 3616 (laterum
950 3543 1119 3633 dactylicis
1155 3554 1353 3616 tetrametris
1389 3556 1453 3617 iam
1490 3551 1594 3616 En·
1630 3608 1633 3626 ,

235 3668 309 3724 ι1ιι
330 3677 420 3723 usus.
1589 3706 1592 3739 ;

304 3766 442 3831 Prorsus
462 3767 569 3828 autem
592 3761 760 3826 obscurum
784 3757 864 3825 illud
891 3757 991 3842 (Nou.
1018 3764 1081 3828 tibi
1105 3776 1132 3826 s.
1155 3759 1178 3829 i.
1202 3763 1467 3845 numero-cito).
1586 3746 1592 3849 f
1632 3743 1633 3831 ἶ

449 3920 488 3969 ιι
504 3906 618 4017 οἰιιιιι
640 3919 774 3967 numero
796 3910 927 3968 amittas
954 3904 1060 3967 subito
1081 3904 1237 3966 oblatum.
1585 3927 1589 4013 ,³
1631 3932 1633 4008 ἐ

303 4043 393 4126 Quae
415 4051 551 4125 potuere
573 4043 677 4110 locum
700 4044 821 4110 habere
845 4052 878 4112 in
902 4045 1037 4109 historia
1066 4045 1133 4126 tali,
1156 4046 1286 4126 qualem
1318 4053 1466 4130 proponit
1488 4042 1557 4130 Hp·
1583 4040 1588 4141 j
1630 4029 1633 4102 :

235 4160 333 4236 ginus
356 4150 425 4215 fab.
452 4153 506 4227 tn,
530 4151 586 4214 ubi
610 4147 754 4215 reiertur
786 4146 932 4215 creontis
964 4157 1122 4231 nepotem,
1145 4167 1239 4232 quem
1263 4149 1376 4217 iurtim
1399 4167 1440 4218 ex
1461 4150 1557 4217 Auti-
1583 4148 1587 4227 ξ
1627 4160 1633 4233 2

103 4276 105 4280 ⁸
234 4249 318 4340 gena
338 4272 415 4320 rnre
438 4255 602 4320 occultata
624 4249 809 4319 sustulisset
830 4253 983 4336 Haemon,
1007 4263 1078 4335 post
1099 4258 1218 4321 multos
1240 4274 1338 4334 annos
1360 4274 1439 4322 casu
1462 4260 1555 4340 agui·
1584 4256 1586 4260 ’
1627 4244 1633 4327 !

235 4368 303 4428 tum
325 4363 368 4427 ab
389 4378 464 4441 nro,
504 4362 561 4427 sed
593 4361 679 4426 hune
712 4378 752 4427 ne
775 4359 928 4426 Herculis
962 4364 1091 4443 quidem
1129 4361 1278 4445 precibus
1311 4363 1496 4445 adductum,
1519 4370 1584 4447 ιιι
1625 4346 1633 4435 ἶ

234 4465 399 4545 Haemoni,
421 4476 478 4547 qui
514 4476 629 4533 contra
664 4476 753 4534 iussa
786 4468 969 4552 Antigonae
1000 4476 1201 4551 pepercisset,
1226 4478 1259 4534 et
1281 4472 1374 4535 uxori
1397 4487 1436 4536 ac
1457 4464 1583 4555 stirpig
1614 4464 1633 4557 ζ

104 4581 108 4595 ·
235 4576 429 4654 ignosceret
452 4567 515 4637 Sed
538 4578 625 4637 enirn
648 4572 726 4640 baec
749 4578 892 4639 tractata
919 4575 962 4640 ab
985 4575 1083 4642 Aeolo
1105 4574 1299 4639 abhorrete
1319 4571 1394 4638 lide.
1447 4602 1450 4608 ·
1622 4560 1633 4664 ,i

1572 4772 1581 4827 ι

1575 4836 1580 4941 i

1577 4946 1597 4994 ΚΧ
