3284 5136
779 322 1074 401 -53-,

544 531 670 608 pectore
696 519 829 589 Achivis
851 526 997 609 gentibu'
1013 529 1137 608 ductor,
1182 584 1185 591 .
1309 547 1315 559 ·

540 625 646 710 grari'
674 625 850 694 Dardaniis
877 631 1029 714 gentibus
1051 635 1149 726 ultor.
1248 627 1252 636 ’

540 734 719 801 Laertiade!

133 958 136 965 .
289 860 354 927 Vbi
375 864 460 928 iilud
489 869 651 948 „“pectore
678 868 797 932 dictum
822 884 879 947 pro
906 871 1114 951 ‚·prndontia
1150 872 1201 937 rel
1228 874 1427 955 Usellertia‘
1451 875 1592 951 iiaio

224 972 355 1050 quidam
378 977 514 1037 iunxere
536 991 605 1038 cunr
628 976 880 1057 praecedente,
884 977 1006 1041 claro&

289 1072 356 1142 Iam
379 1092 433 1143 eos
455 1093 565 1143 rerum
588 1075 703 1144 vidisse
726 1074 888 1160 existimo,
911 1087 967 1159 qui
995 1089 1202 1166 anapaestiea
1222 1102 1244 1149 a
1265 1085 1415 1165 piurious
1429 1041 1542 1153 aucto·

131 1264 135 1275 1
224 1182 314 1248 mbas
336 1191 473 1263 serrata
496 1189 614 1268 quibus
639 1187 775 1252 Lamnus
797 1188 904 1251 insuia
926 1188 1121 1267 celebratur,
1144 1195 1332 1258 continuata
1353 1193 1457 1259 eidem
1479 1187 1541 1260 tri·

132 1308 137 1329 2
224 1287 324 1354 nuere
345 1305 512 1372 personae,
536 1301 701 1374 totumque
725 1291 825 1356 iocum
848 1292 1002 1359 adhibitis
1036 1299 1180 1378 priorum
1202 1302 1386 1362 commentis
1406 1303 1454 1363 ita
1474 1293 1543 1364 fere

132 1408 135 1415 ’
222 1398 477 1467 concinnandum
498 1406 532 1464 et
556 1399 789 1478 retingendum:

432 1608 435 1615 .
538 1523 672 1600 inclute,
694 1536 799 1603 parra
823 1523 949 1604 prodite
977 1529 1095 1606 patria,

538 1636 661 1692 nomine
683 1629 806 1693 celebri
830 1630 982 1709 claroque
1006 1637 1126 1711 potens,

538 1746 666 1819 pectore
689 1735 820 1803 notras
843 1732 994 1803 classibu'
1017 1738 1144 1818 ductor,

538 1840 643 1927 grari'
668 1843 838 1907 Dardaniis
866 1840 1017 1927 gentibus
1041 1847 1141 1926 ultor,

537 1948 718 2016 Laertiade!
744 1949 874 2016 Lemma
897 1958 1026 2032 praesto

440 2117 441 2121 ,
503 2050 508 2063 ’
539 2057 635 2119 litora
658 2071 769 2134 curra;
795 2065 827 2119 et
849 2059 935 2120 celsa
963 2054 1119 2121 Cabirum

536 2162 675 2228 delubra
699 2169 778 2243 tues,
801 2167 956 2245 mysteria
979 2167 1052 2245 quis

536 2275 675 2349 pristina
698 2274 787 2331 cistis
811 2278 956 2332 contecta
979 2275 1081 2332 sacris

537 2378 693 2436 nocturno
717 2373 809 2437 aditu
831 2373 957 2437 occulta
981 2371 1133 2437 coluntur

536 2479 732 2542 silvestribu'
756 2476 901 2559 saepibu'
923 2479 1035 2556 densa3

537 2581 692 2650 Volcania
715 2596 781 2650 tum
805 2584 922 2666 templa
950 2586 1014 2652 sub
1037 2579 1117 2665 ipsis
1156 2593 1159 2604 “

537 2690 681 2768 ouilibus,
716 2686 750 2753 in
773 2706 854 2769 quos
876 2688 996 2754 delatn¹
1020 2692 1103 2755 locos

538 2798 657 2861 dieitur
679 2796 744 2862 aito
768 2797 810 2861 ab
834 2796 942 2861 limine
966 2797 1047 2860 cneii

539 2899 688 2986 [venisse
710 2902 796 2983 patri
819 2900 958 2966 deiectu*
981 2919 1050 2981 suo,

538 3007 621 3083 deu'
644 3016 701 3086 qui
725 3003 903 3072 fornacibu’
927 3001 1079 3071 duritiem
1162 3018 1165 3031 '

540 3112 642 3175 moiiit
665 3109 757 3175 ferri.
782 3118 875 3174 cuins
898 3108 1051 3175 fabricam
1071 3109 1200 3194 et]

539 3235 649 3283 nemus
670 3225 835 3301 expirante
858 3235 977 3301 uapore
1002 3205 1103 3302 rides;

496 3408 500 3415 ¹
539 3328 623 3390 unde
647 3324 729 3409 igni’
752 3327 838 3390 cluet
860 3327 1047 3391 mortalibu’
1072 3327 1152 3389 ciam

538 3433 669 3509 diuisus
692 3433 775 3497 enim
798 3434 902 3497 doctu¹
927 3433 1137 3498 Prometheus

539 3538 691 3619 clepsisse
713 3537 788 3603 dolo
810 3554 992 3619 poenasque
1016 3536 1082 3601 Iovi

539 3647 619 3709 i'urti
641 3647 828 3729 expendisse
852 3661 1013 3724 supremo.

107 3847 113 3889 ξ
291 3785 402 3851 Totum
425 3793 533 3849 autem
557 3784 614 3849 hoc
647 3791 884 3866 anapaesticnm
917 3784 1081 3849 Minervae
1117 3775 1234 3846 tribuit
1260 3777 1300 3846 G.
1325 3776 1540 3854 Eumenous,

106 3892 110 3912 ¹
224 3905 307 3967 quae
329 3889 440 3954 oblata
464 3889 552 3952 Vlixi
575 3890 668 3953 modo
691 3890 823 3952 advecto
856 3887 1044 3969 patefecerit
1062 3886 1282 3973 insulamad
1304 3900 1402 3964 quam
1425 3883 1543 3965 appui·

105 4038 109 4063 ι
224 4002 380 4076 suaerat,
404 4001 566 4060 naturam.
606 3993 666 4061 cui
689 3990 814 4059 frustra
846 3995 1036 4058 adversatur
1068 3989 1271 4059 Ribbeckius.
1309 3988 1377 4054 Nec
1398 3994 1484 4052 enim
1507 3981 1543 4050 in

104 4090 110 4175 ἓ
225 4096 390 4175 laudibus,
413 4087 497 4178 unae
519 4096 619 4179 Vlixi,
645 4107 734 4163 cuius
757 4101 847 4163 iiiam
868 4095 1133 4162 studiosissimam
1156 4094 1255 4160 fuisse
1278 4101 1381 4159 omnis
1402 4099 1543 4157 testatur

225 4201 413 4289 antiquitas,
436 4206 639 4278 tribuuntur.
664 4207 840 4288 quidquam
862 4205 958 4287 inest,
982 4204 1067 4285 quod
1098 4210 1157 4268 aut
1183 4198 1329 4267 mortalis
1351 4212 1413 4261 non
1435 4201 1544 4277 capiat

102 4308 110 4381 3.
227 4322 285 4377 aut
305 4313 460 4376 dedeceat
483 4313 584 4403 deam.
623 4312 735 4392 quue
770 4306 875 4393 magis
899 4309 1137 4389 compellationi
1167 4312 1322 4386 qnantum
1345 4310 1450 4384 posset
1471 4298 1544 4365 fieri

101 4400 106 4473 i
227 4416 558 4484 honorificentissimae
582 4416 633 4482 hic
655 4425 726 4483 erat
748 4418 849 4494 iocus,
884 4415 969 4498 quod
1002 4409 1114 4479 Vlixes
1144 4412 1214 4477 seia
1248 4407 1413 4474 Minervae
1435 4421 1543 4487 opera,

227 4541 309 4606 quae
332 4530 365 4589 in
392 4517 522 4586 somniis
545 4517 577 4585 ei
604 4517 676 4585 risa
712 4532 796 4599 erat,
834 4524 992 4586 adductus
1028 4531 1077 4583 est
1098 4525 1136 4582 ut
1157 4516 1363 4594 Philocteteo,
1385 4512 1543 4578 hominem
