3284 5136
734 293 922 361 ..13-

135 528 139 541 .
241 480 383 549 Potuere
407 486 599 565 praeoedere
622 486 710 552 velut
733 485 822 554 haee:

388 607 506 693 quodsi
529 630 604 695 spes
628 620 766 680 restaret
790 615 859 680 ulla
880 623 913 681 in
938 616 1056 682 molius
1078 617 1226 685 nuundi
1248 637 1332 688 mea.

242 734 443 804 Consolantis
465 754 537 803 eam
561 744 611 802 est
634 755 831 820 responsum:

285 861 364 945 quin
388 881 494 929 meum
517 861 643 930 senium
667 884 737 930 oum
761 869 871 932 dolore
893 876 950 932 tuo
972 876 1165 952 eoniungam
1189 881 1223 936 et
1244 888 1426 953 conparem.

246 992 309 1061 Vbi
337 993 496 1072 „senium‘
525 995 609 1061 idem
641 994 726 1077 quod
766 987 987 1080 ,aegritudo“.
1022 995 1134 1064 Potuit
1164 1001 1327 1080 praemitti
1350 1003 1502 1084 utputa:

183 1108 254 1189 ,rix
277 1097 358 1167 mihi
386 1108 561 1186 tempero&

132 1192 135 1199 ¹
248 1211 299 1277 id
323 1205 409 1277 idem
431 1211 612 1276 diverbiunu
636 1205 815 1296 agnitione,
853 1218 891 1275 ut
924 1210 1064 1292 ridetur,
1087 1216 1200 1277 mutua
1225 1207 1309 1278 inuia
1333 1206 1439 1279 neseio
1460 1229 1507 1293 an.

131 1300 134 1369 ἒ
180 1321 363 1400 pertineant
385 1332 425 1382 ea
447 1332 530 1397 quae
559 1323 642 1381 suun

339 1442 432 1509 hocin
456 1449 531 1525 rost,
556 1461 619 1526 quo
642 1452 707 1509 tam
731 1449 898 1510 temer-iter
921 1452 1084 1511 tumeam
1108 1442 1357 1511 benevolentiam

339 1557 493 1616 interisse
515 1566 549 1616 ea
570 1551 678 1615 ratus?
1159 1544 1161 1549 ’

130 1710 134 1735 2
247 1671 311 1740 Sed
334 1690 492 1754 quaenam
516 1674 634 1739 mulier
656 1669 701 1738 sit
723 1669 784 1739 ilia
815 1672 910 1756 plane
940 1675 1121 1740 obscurum.
1156 1674 1345 1756 Numquae
1368 1681 1399 1740 in
1423 1675 1503 1742 Am·

130 1778 134 1785 '
180 1778 355 1867 phitrponis
378 1778 496 1846 nnuns
518 1788 737 1847 memorantur
759 1780 923 1862 Alcmene,
947 1777 1132 1861 Comaethn
1149 1779 1288 1867 Megara
1311 1783 1422 1867 (Bibb.
1445 1800 1503 1868 pg.

180 1878 268 1970 odo),
293 1890 381 1955 nullo
404 1886 557 1954 ridentur
580 1897 672 1971 puoto
694 1907 784 1972 poene
809 1891 972 1974 intellegi.

129 2024 136 2045 ·-
246 1994 335 2063 Nihil
359 2004 407 2063 est
429 1998 517 2079 quod
538 2004 706 2081 promatur
729 1999 769 2063 de
791 2014 886 2064 uersu
917 1995 982 2064 illo:

394 2152 429 2206 ut
453 2150 520 2206 tam
542 2137 704 2210 obstinato
728 2150 765 2207 tu
786 2150 893 2207 animo
914 2141 1048 2208 ooniisus
1070 2152 1138 2208 tuo.

247 2283 311 2355 voi
334 2304 393 2368 pro
420 2294 494 2370 ¹‚ut‘
521 2284 654 2353 sortasse
677 2288 882 2354 scribendum
925 2293 1010 2373 ,ιιι·.
1042 2290 1217 2356 Praeterea
1238 2284 1388 2355 additum
1410 2303 1431 2351 a
1452 2303 1504 2353 me

129 2378 132 2383 ’
179 2394 262 2459 illud
289 2392 379 2477 ‚tu⁸‚
405 2400 442 2458 ut
463 2392 570 2459 hiatus
593 2401 797 2461 amoneretur
819 2395 899 2461 haut
924 2395 1125 2462 tolerandus.
1150 2395 1287 2462 Frustra
1308 2387 1504 2460 Ribboolniua

129 2501 134 2518 ''
183 2495 417 2577 ,obstinatod“.

178 2678 181 2685 ,
247 2604 284 2673 ln
309 2604 447 2692 rollonis,
470 2625 553 2691 quae
575 2615 705 2677 serrata
726 2628 766 2679 er
789 2608 848 2678 hae
870 2606 994 2688 fabula,
1020 2613 1187 2676 immorari
1209 2623 1269 2674 non
1292 2614 1342 2672 ost
1364 2610 1462 2671 tanti.

685 2833 760 2898 xil.
787 2835 1004 2900 Andromeda

129 3000 133 3055 3
210 3100 212 3102 v
252 3015 294 3081 Vt
315 3025 426 3104 graeei
449 3017 580 3103 tragici,
603 3024 650 3082 ita
672 3016 763 3084 latini
787 3035 881 3102 saepe
905 3025 1122 3084 retractarunt
1144 3027 1321 3084 commenta
1343 3022 1501 3099 priorum.

129 3106 132 3165 i
181 3123 293 3192 Veluti
315 3129 358 3191 ab
380 3128 477 3191 Aonio
499 3128 715 3192 celeberrima
752 3127 975 3191 Andromedae
1007 3124 1118 3190 iabnia
1140 3133 1211 3207 post
1233 3121 1357 3188 Liuium
1379 3131 1415 3188 et
1438 3121 1504 3186 En·

127 3236 132 3259 ³
181 3239 269 3300 nium
291 3235 399 3325 denuo
422 3233 590 3298 adornata.
614 3231 658 3298 Et
679 3231 804 3298 Ennius
825 3226 956 3315 quidem
990 3231 1179 3317 Euripidem
1200 3238 1328 3298 sennim
1349 3235 1413 3296 iam
1447 3230 1504 3293 ob·

181 3345 296 3406 tentam
318 3341 434 3406 beluae
473 3347 616 3405 marinae
644 3347 810 3422 proposuit
837 3342 1086 3422 Andromedam
1121 3340 1238 3405 deeius
1279 3346 1356 3403 anie
1390 3351 1505 3401 causas

127 3432 132 3453 ⁷
181 3452 215 3510 et
236 3441 380 3530 origines
403 3452 472 3512 eius
493 3462 623 3512 omnum
645 3452 783 3527 aperuit.
806 3443 856 3513 ci
880 3441 976 3516 nini.
1000 3465 1057 3532 pg.
1082 3449 1158 3512 561.

126 3554 128 3573 ²
249 3551 366 3632 Itaque
388 3551 440 3617 hio
461 3569 576 3619 cursus
612 3553 741 3616 ridetur
774 3548 873 3617 fuisse
909 3551 1052 3633 fabulae,
1075 3561 1113 3617 ut
1138 3558 1275 3633 propter
1310 3547 1502 3626 Cassiepiae,

124 3728 127 3750 ἱ
182 3663 295 3723 matris
318 3657 551 3739 Andromedae,
575 3656 791 3742 malefactum,
813 3676 899 3740 quan
922 3654 1101 3726 certamine
1123 3647 1376 3739 pulchritudinis
1396 3651 1503 3717 oblato

182 3762 337 3828 Nereidas
359 3766 509 3843 laeserat,
534 3769 674 3829 immisso
706 3773 845 3830 monstro
885 3774 973 3831 nerto
996 3774 1146 3845 tempore.
1184 3758 1317 3827 fortasse
1339 3754 1503 3824 novilunio

123 3902 126 3953 5
182 3866 235 3952 (oi
260 3867 357 3947 Ribb,
382 3866 438 3954 p'g.
462 3870 552 3952 ddi),
565 3866 758 3935 offerrentur
778 3869 895 3936 deiecti
917 3888 956 3937 ex
981 3869 1171 3952 Aethiopum
1206 3865 1382 3946 iuventute,
1405 3865 1501 3955 etad

122 4012 129 4053 ι
183 3976 332 4040 ultimum
355 3981 426 4057 ipsa
447 3976 663 4057 Andromeda,
698 3973 768 4041 iilia
801 3976 901 4059 regia.
940 3974 1045 4058 Quam
1081 3975 1198 4040 deinde
1234 3966 1351 4038 ueteris
1373 3976 1503 4052 ipsoque

121 4085 124 4094 '
182 4081 305 4148 Phineo
328 4089 445 4164 patruo
467 4083 641 4164 eodemque
662 4099 776 4164 sponso
797 4081 1020 4148 mundantibus
1041 4079 1195 4149 liberarit
1215 4078 1367 4158 Perseus,
1384 4076 1504 4143 fibera-

120 4168 124 4255 ζ
183 4196 250 4255 tarn
273 4187 335 4253 sibi
359 4185 561 4254 matrimonio
584 4194 701 4253 lunxit.

119 4347 121 4384 ;
250 4294 303 4359 Ad
326 4290 508 4374 Cassiepiae
545 4297 672 4374 eulpam
709 4291 864 4360 ridentur
893 4303 1042 4376 spectare
1075 4295 1146 4372 illa,
1181 4308 1266 4373 quae
1300 4291 1334 4355 in
1368 4290 1504 4372 prologo

118 4426 122 4479 3
183 4404 316 4482 potuere
336 4399 423 4481 poni:
1184 4463 1187 4471 ,

118 4500 121 4511 ’
157 4534 159 4539 “
394 4524 550 4604 muliebre
571 4523 751 4610 ingenium,
777 4523 975 4607 prolubium,
991 4521 1082 4604 hora,
1103 4529 1238 4591 oneasio.
